<!DOCTYPE html><html lang="en">
<!-- Mirrored from www.spesati.com/household-and-outdoors/home-and-furniture-products by HTTrack Website Copier/3.x [XR&CO'2014], Fri, 23 Feb 2024 18:50:16 GMT -->
<!-- Added by HTTrack --><meta http-equiv="content-type" content="text/html;charset=utf-8" /><!-- /Added by HTTrack -->
<head>
    <title>Home and furniture products - Home and outdoors - Spesati.com</title>
    <meta http-equiv="Content-Type" content="text/html; charset=UTF-8" />
    <meta name="description" content="" />
    <meta name="keywords" content="" />
    <link href="https://www.spesati.com/images/favicon.ico" rel="shortcut icon" type="image/x-icon" />
    <meta name="author" content="www.dodify.com" /><link rel="canonical" href="https://www.spesati.com/household-and-outdoors/home-and-furniture-products" /><link rel="alternate" hreflang="en" href="https://www.spesati.com/household-and-outdoors/home-and-furniture-products" /><link rel="alternate" hreflang="it" href="https://www.spesati.it/pellet-e-casa/prodotti-casa-e-mobili" /><link href="https://cdnjs.cloudflare.com/ajax/libs/meyer-reset/2.0/reset.min.css" rel="stylesheet" type="text/css" /><link href="https://cdnjs.cloudflare.com/ajax/libs/font-awesome/6.5.1/css/all.min.css" rel="stylesheet" type="text/css" /><link href="https://fonts.googleapis.com/css?family=Montserrat:400,700" rel="stylesheet" type="text/css" /><link href="http://cdnjs.cloudflare.com/ajax/libs/fancybox/2.1.5/jquery.fancybox.min.css" rel="stylesheet" type="text/css" /><link href="https://www.spesati.com/style/main.css?v=7" rel="stylesheet" type="text/css" /><link href="https://www.spesati.com/style/lightslider.css" rel="stylesheet" type="text/css" /><link href="https://www.spesati.com/style/categories.css" rel="stylesheet" type="text/css" /><script src="https://cdnjs.cloudflare.com/ajax/libs/jquery/3.6.1/jquery.min.js" type="text/javascript"></script><script src="http://ajax.googleapis.com/ajax/libs/jquery/1.11.0/jquery.min.js" type="text/javascript"></script><script src="http://unpkg.com/@floating-ui/core@0.4.0" type="text/javascript"></script><script src="http://unpkg.com/@floating-ui/dom@0.2.0" type="text/javascript"></script><script src="http://cdnjs.cloudflare.com/ajax/libs/fancybox/2.1.5/jquery.fancybox.min.js" type="text/javascript"></script><script src="https://www.spesati.com/js/menu.js" type="text/javascript"></script><script src="https://www.spesati.com/js/interface.js?v=10" type="text/javascript"></script><script src="https://www.spesati.com/js/spesati.lightslider.min.js" type="text/javascript"></script><meta name="viewport" content="width=device-width, initial-scale=1, maximum-scale=1" /><meta name = "format-detection" content = "telephone=no">
<!-- Facebook Pixel Code -->
<script>
  !function(f,b,e,v,n,t,s)
  {if(f.fbq)return;n=f.fbq=function(){n.callMethod?
  n.callMethod.apply(n,arguments):n.queue.push(arguments)};
  if(!f._fbq)f._fbq=n;n.push=n;n.loaded=!0;n.version='2.0';
  n.queue=[];t=b.createElement(e);t.async=!0;
  t.src=v;s=b.getElementsByTagName(e)[0];
  s.parentNode.insertBefore(t,s)}(window, document,'script',
  'https://connect.facebook.net/en_US/fbevents.js');
  fbq('init', '792335014180667');
  fbq('track', 'PageView');
</script>
<noscript>
    <img height="1" width="1" style="display:none" src="https://www.facebook.com/tr?id=792335014180667&amp;ev=PageView&amp;noscript=1" />
</noscript>
<!-- End Facebook Pixel Code -->

<!-- GA4 -->
<script async src="https://www.googletagmanager.com/gtag/js?id=G-SSS6NRNXL0"></script>
<script>
  window.dataLayer = window.dataLayer || [];
  function gtag(){dataLayer.push(arguments);}
  gtag('js', new Date());
  gtag('config', 'AW-976671669');
  gtag('config', 'G-SSS6NRNXL0');
</script>
<!-- Elements for PWA deploy -->
<link rel="manifest" href="https://www.spesati.com/manifest.json">
<meta name="theme-color" media="(prefers-color-scheme: light)" content="white">
<meta name="theme-color" media="(prefers-color-scheme: dark)"  content="black">
<link href=https://www.spesati.com/images/icon-192.png rel=apple-touch-icon sizes="192x192">
<!-- Establishment logic -->
<script>var pageEstablishment = "Olbia"; var estDefaultPages = true</script>
    <!--[if lt IE 9]>
        <script src="https://cdnjs.cloudflare.com/ajax/libs/html5shiv/3.7.3/html5shiv.min.js" type="text/javascript"></script>
    <![endif]--><script type="text/javascript">
$(document).ready(function() {
    // Check if exists cookie
    if(document.cookie.indexOf("cookieAccepted") < 0) {
        var cookieText = '<div id=\"cookie\"><p>This site uses cookies. Cookies are used for ads personalisation. <a href=\"/privacy-policy\">More info</a></p><button id=\"cookieConsent\" type=\"button\">Accept</button></div>';
        $("body").append($(
            cookieText
        ));
        $('#cookie').css({
            'width'           : '100%',
            'text-align'      : 'center',
            'color'           : '#FFFFFF',
            'background-color': '#000000', 
            'opacity'         : '.8', 
            'position'        : 'fixed', 
            'bottom'          : '0',
            'padding'         : '.5em 0',
            'z-index'         : '999'
        });
        $('#cookie > *').css({
            'display': 'inline'
        });
        $('#cookie a').css({
            'color'          : '#FFFFFF',
            'text-decoration': 'underline',
            'margin-right'   : '2%'
        });
        $('#cookieConsent').click(function() {
            // Set cookie
            var expiry = new Date();
            expiry.setTime(expiry.getTime() + (365 * 24 * 60 * 60 * 1000));
            document.cookie = "cookieAccepted=yes; expires=" + expiry.toGMTString() + "; path=/; domain=.spesati.com";
            $('#cookie').css({'display': 'none'});
        });
    }
});
</script></head><body><script type="text/javascript">
    var addText = "Add";
    var slider  = null;
    $(document).ready(function() {
        slider = $('#cartSlider').lightSlider({
            controls: false,
            item:13,
            loop:false,
            slideMove:1,
            easing: 'cubic-bezier(0.25, 0, 0.25, 1)',
            speed:600,
            responsive : [
                {
                    breakpoint:1400,
                    settings: {
                        item:12,
                        slideMove:1,
                    }
                },
                {
                    breakpoint:1200,
                    settings: {
                        item:11,
                        slideMove:1,
                    }
                },
                {
                    breakpoint:1080,
                    settings: {
                        item:14,
                        slideMove:1,
                    }
                },
                {
                    breakpoint:800,
                    settings: {
                        item:12,
                        slideMove:1,
                    }
                }
            ]
        });
        $('.lSPager').css("display","none");
        $('.lSAction').css("display","block");
        $('#goToPrevSlide').on('click', function () {
            slider.goToPrevSlide();
        });
        $('#goToNextSlide').on('click', function () {
            slider.goToNextSlide();
        });
    });

</script>
<div id="header" class="bgYellow">
    <header>
        <a class="menu" href="#"><i class="fa red fa-bars fa-2x"></i></a>
        <a id="logo" class="colLeft estDynamic" href="https://www.spesati.com/">
            <img src="http://cdn.spesati.com/images/layout/logo-eng.png" alt="Spesati.com" />
            <h2 class="red">Grocery Delivery</h2>
        </a>
        <div class="colRight">
            <div id="controls" class="right">
                <p id="establishmentControls">
                    <span class="establishmentWarning"><i class="fa-solid fa-triangle-exclamation red" title="Stai visualizzando i prodotti disponibili in una zona diversa. Se vuoi cambiare zona, cliccan qui"></i>&nbsp;&nbsp;</span>
                    Shopping from <b><a id="establishment" href="#"></a></b> <span id="estAddress">for </span> <a href="https://www.spesati.com/change-establishment">(<i class="fa-solid fa-pencil"></i> Change)</a> <span class="establishmentWarning">but viewing <b>Olbia</b></span>
                </p>
                <p><a href="https://www.spesati.it/pellet-e-casa/prodotti-casa-e-mobili" class="black switch-site">Versione italiana</a></p>                
            </div>
            <div>
                <form id="search" action="https://www.spesati.com/search" method="post" class="left">
                    <fieldset>
                        <div>
                            <input type="text" name="searchBox" id="searchBox" placeholder="Search for a product"></input>
                            <input id="searchButton" type="submit" name="searchButton" class="button bgRed white left" value="Find" />
                        </div>
                    </fieldset>
                </form>
                <div class="center left">
                    <a class="button bgRed white log-in" href="https://www.spesati.com/login">Login</a>
                    <a class="button bgRed white sign-up" href="https://www.spesati.com/sign-up">Sign up</a>
                    <a class="button bgRed white profile" href="https://www.spesati.com/profile">Profile</a>
                    <a class="button bgRed white log-out" href="https://www.spesati.com/logout" data-endpoint-check-cart="https://api.spesati.com/cart/check">Logout</a>
                </div>
                <div class="right user-function-icons">
                    <a class="red left account"><i class="fa fa-user fa-3x"></i></a>
                    <div id="dropdown">
                        <a class="log-in button bgRed white" href="https://www.spesati.com/login">Login</a>
                        <a class="sign-up button bgRed white" href="https://www.spesati.com/sign-up">Sign up</a>
                        <a class="profile button bgRed white" href="https://www.spesati.com/profile">Profile</a>
                        <a class="log-out button bgRed white" href="https://www.spesati.com/logout">Logout</a>
                    </div>

                    <div class="cart left">
                        <i class="fa fa-sm fa-shopping-cart red" aria-hidden="true" id="shipping-cart-button"></i>
                        <p id="cartQuantity"></p>
                    </div>

                    <a class="right" href="https://www.spesati.com/cart"><p class="black" id="cartTotal"></p></a>
                </div>
            </div>
                            <div id="previewCart">
                    <i id="goToPrevSlide" class="yellow fa fa-angle-left fa-2x" aria-hidden="true"></i>
                    <div><ul id="cartSlider"></ul></div>
                    <i id="goToNextSlide" class="yellow fa fa-angle-right fa-2x" aria-hidden="true"></i>
                </div>
                    </div>
    </header>

    <div id="shipping-cart-options" data-inited="false">
        <a href="https://www.spesati.com/cart" class="goto-cart">checkout</a>
        <a href="#" data-endpoint-auth="https://api.spesati.com/cart/save" data-endpoint-noauth="/login" class="save-cart">save</a>
        <a href="#" data-endpoint-auth="https://api.spesati.com/cart/load" class="load-cart">load</a>
    </div>
</div>
<div id="menuCategoriesMobile" class="mobile bgRed">
    <div class="closeMenu">
        <i class="fa fa-times fa-2x white"></i>
        Close
    </div>
    <ul class="bgRed white">
        <div id="langMobile" class="right">
        <a href="https://www.spesati.it/pellet-e-casa/prodotti-casa-e-mobili" class="white switch-site"><p>Versione italiana</p></a>    </div>
        <li><a>Categories</a>
            <ul class="bgWhite">
                <li>
                    <img src="http://cdn.spesati.com/images/menu/on-sale.png"/>
                    On sale                    <i class="fa fa-angle-down" aria-hidden="true"></i>
                    <ul class="sub-menu">
                    <li>
    <a href="https://www.spesati.com/tacchino-fesa-a-fette">Tacchino Fesa A Fette</a>
</li><li>
    <a href="https://www.spesati.com/amaro-montenegro-15lt">Amaro Montenegro 1,5lt</a>
</li><li>
    <a href="https://www.spesati.com/carbone-di-legna-sacco-10kg">Carbone Di Legna Sacco 10Kg</a>
</li><li>
    <a href="https://www.spesati.com/filu-e-ferru-silvio-carta-70cl">Filu E Ferru Silvio Carta 70Cl</a>
</li><li>
    <a href="https://www.spesati.com/braciole-suino-con-cotenna">Braciole Suino Con Cotenna</a>
</li><li>
    <a href="https://www.spesati.com/bovino-adulto-polpa">Bovino Adulto Polpa</a>
</li><li>
    <a href="https://www.spesati.com/vino-la-palma-cannonau-le-bombarde">Vino La Palma Cannonau Le Bombarde</a>
</li><li>
    <a href="https://www.spesati.com/fettine-sceltissime-bovino-adulto">Fettine Sceltissime Bovino Adulto</a>
</li><li>
    <a href="https://www.spesati.com/suino-fettine-scelte">Suino Fettine Scelte</a>
</li><li>
    <a href="https://www.spesati.com/lavazza-caffe-qualita-rossa-2x250gr">Lavazza Caffé Qualità Rossa 2x250gr</a>
</li>                        <li>
                            <a class="estDynamic" href="https://www.spesati.com/on-offer">All products on sale</a>
                        </li>
                    </ul>
                </li>
                <li>
                    <img src="http://cdn.spesati.com/images/menu/gift.png"/>
                    Gifts                    <i class="fa fa-angle-down" aria-hidden="true"></i>
                    <ul class="sub-menu">
                        <li>
    <a href="https://www.spesati.com/gift-card-da-150">Gift Card Da 150</a>
</li><li>
    <a href="https://www.spesati.com/gift-card-da-100">Gift Card Da 100</a>
</li><li>
    <a href="https://www.spesati.com/gift-card-da-50">Gift Card Da 50</a>
</li><li>
    <a href="https://www.spesati.com/gift-card-da-25">Gift Card Da 25</a>
</li>                        <li>
                            <a class="estDynamic" href="https://www.spesati.com/gift">All products in the gifts category</a>
                        </li>
                    </ul>
                </li>
                <li>
                    <img src="http://cdn.spesati.com/images/menu/gift-card.png"/>
                    Gift card and discounts                    <i class="fa fa-angle-down" aria-hidden="true"></i>
                    <ul class="sub-menu">
                        <li>
    <a href="https://www.spesati.com/gift-card-da-150">Gift Card Da 150</a>
</li><li>
    <a href="https://www.spesati.com/gift-card-da-100">Gift Card Da 100</a>
</li><li>
    <a href="https://www.spesati.com/gift-card-da-50">Gift Card Da 50</a>
</li><li>
    <a href="https://www.spesati.com/gift-card-da-25">Gift Card Da 25</a>
</li>                    </ul>
                </li>
                <li>
                    <img src="http://cdn.spesati.com/images/menu/fuit-and-vegetables.png"/>
                    Fruit and vegetables                    <i class="fa fa-angle-down" aria-hidden="true"></i>
                    <ul class="sub-menu">
                        <li>
                            <a class="estDynamic" href="https://www.spesati.com/fruit-and-vegetables/pulses-and-beans">Cereals and pulses and beans</a>
                        </li>
                        <li>
                            <a class="estDynamic" href="https://www.spesati.com/fruit-and-vegetables/fruit">Fruit</a>
                        </li>
                        <li>
                            <a class="estDynamic" href="https://www.spesati.com/fruit-and-vegetables/canned-fruit">Canned fruit</a>
                        </li>
                        <li>
                            <a class="estDynamic" href="https://www.spesati.com/fruit-and-vegetables/dried-fruit">Dried fruit</a>
                        </li>
                        <li>
                            <a class="estDynamic" href="https://www.spesati.com/fruit-and-vegetables/ready-salads">Ready salads</a>
                        </li>
                        <li>
                            <a class="estDynamic" href="https://www.spesati.com/fruit-and-vegetables/fresh-spices">Fresh spices</a>
                        </li>
                        <li>
                            <a class="estDynamic" href="https://www.spesati.com/fruit-and-vegetables/vegetables">Vegetables and soy</a>
                        </li>
                    </ul>
                </li>
                <li>
                    <img src="http://cdn.spesati.com/images/menu/fresh-products.png"/>
                    Fresh products                    <i class="fa fa-angle-down" aria-hidden="true"></i>
                    <ul class="sub-menu">
                        <li>
                            <a class="estDynamic" href="https://www.spesati.com/fresh-products/margarine-and-butter">Butter and margarine</a>
                        </li>
                        <li>
                            <a class="estDynamic" href="https://www.spesati.com/fresh-products/danone">Danone</a>
                        </li>
                        <li>
                            <a class="estDynamic" href="https://www.spesati.com/fresh-products/dessert">Dessert</a>
                        </li>
                        <li>
                            <a class="estDynamic" href="https://www.spesati.com/fresh-products/sweets">Sweets</a>
                        </li>
                        <li>
                            <a class="estDynamic" href="https://www.spesati.com/fresh-products/dairy-products">Dairy product</a>
                        </li>
                        <li>
                            <a class="estDynamic" href="https://www.spesati.com/fresh-products/bakery">Yeast</a>
                        </li>
                        <li>
                            <a class="estDynamic" href="https://www.spesati.com/fresh-products/mascarpone">Mascarpone</a>
                        </li>
                        <li>
                            <a class="estDynamic" href="https://www.spesati.com/fresh-products/snacks">Snacks</a>
                        </li>
                        <li>
                            <a class="estDynamic" href="https://www.spesati.com/fresh-products/mozzarella">Mozzarella</a>
                        </li>
                        <li>
                            <a class="estDynamic" href="https://www.spesati.com/fresh-products/pasta">Pasta</a>
                        </li>
                        <li>
                            <a class="estDynamic" href="https://www.spesati.com/fresh-products/pesto-and-sauces">Pesto and sauces</a>
                        </li>
                        <li>
                            <a class="estDynamic" href="https://www.spesati.com/fresh-products/ricotta-and-cheese">Ricotta and cheese</a>
                        </li>
                        <li>
                            <a class="estDynamic" href="https://www.spesati.com/fresh-products/cured-meat">Cured meat</a>
                        </li>
                        <li>
                            <a class="estDynamic" href="https://www.spesati.com/fresh-products/wurstel">Würstel</a>
                        </li>
                        <li>
                            <a class="estDynamic" href="https://www.spesati.com/fresh-products/yogurt">Yogurt</a>
                        </li>
                    </ul>
                </li>
                <li>
                    <img src="http://cdn.spesati.com/images/menu/frozen-foods.png"/>
                    Frozen foods                    <i class="fa fa-angle-down" aria-hidden="true"></i>
                    <ul class="sub-menu">
                        <li>
                            <a class="estDynamic" href="https://www.spesati.com/frozen-foods/meat">Meat</a>
                        </li>
                        <li>
                            <a class="estDynamic" href="https://www.spesati.com/frozen-foods/ice-creams">Ice cream and sweet</a>
                        </li>
                        <li>
                            <a class="estDynamic" href="https://www.spesati.com/frozen-foods/pasta">Pasta</a>
                        </li>
                        <li>
                            <a class="estDynamic" href="https://www.spesati.com/frozen-foods/fish">Fish</a>
                        </li>
                        <li>
                            <a class="estDynamic" href="https://www.spesati.com/frozen-foods/ready-meals">Ready meals</a>
                        </li>
                        <li>
                            <a class="estDynamic" href="https://www.spesati.com/frozen-foods/pizzas">Pizzas</a>
                        </li>
                        <li>
                            <a class="estDynamic" href="https://www.spesati.com/frozen-foods/vegetables">Vegetables and soy</a>
                        </li>
                    </ul>
                </li>
                <li>
                    <img src="http://cdn.spesati.com/images/menu/bread-and-pasta.png"/>
                    Bread and pasta                    <i class="fa fa-angle-down" aria-hidden="true"></i>
                    <ul class="sub-menu">
                        <li>
                            <a class="estDynamic" href="https://www.spesati.com/bread-and-pasta/crackers">Crackers</a>
                        </li>
                        <li>
                            <a class="estDynamic" href="https://www.spesati.com/bread-and-pasta/rusks">Rusks</a>
                        </li>
                        <li>
                            <a class="estDynamic" href="https://www.spesati.com/bread-and-pasta/white-bread">White bread</a>
                        </li>
                        <li>
                            <a class="estDynamic" href="https://www.spesati.com/bread-and-pasta/local-bread">Local bread</a>
                        </li>
                        <li>
                            <a class="estDynamic" href="https://www.spesati.com/bread-and-pasta/soft-bread">Soft bread</a>
                        </li>
                        <li>
                            <a class="estDynamic" href="https://www.spesati.com/bread-and-pasta/sardinian-bread">Sardinian bread</a>
                        </li>
                        <li>
                            <a class="estDynamic" href="https://www.spesati.com/bread-and-pasta/bakery">Bakery</a>
                        </li>
                        <li>
                            <a class="estDynamic" href="https://www.spesati.com/bread-and-pasta/pasta">Pasta</a>
                        </li>
                        <li>
                            <a class="estDynamic" href="https://www.spesati.com/bread-and-pasta/fresh-pasta">Fresh pasta</a>
                        </li>
                    </ul>
                </li>
                <li>
                    <img src="http://cdn.spesati.com/images/menu/meat.png"/>
                    Meat                    <i class="fa fa-angle-down" aria-hidden="true"></i>
                    <ul class="sub-menu">
                        <li>
                            <a class="estDynamic" href="https://www.spesati.com/meat/beef">Beef</a>
                        </li>
                        <li>
                            <a class="estDynamic" href="https://www.spesati.com/meat/goat">Goat</a>
                        </li>
                        <li>
                            <a class="estDynamic" href="https://www.spesati.com/meat/packaged-meat">Packaged meat</a>
                        </li>
                        <li>
                            <a class="estDynamic" href="https://www.spesati.com/meat/rabbit">Rabbit</a>
                        </li>
                        <li>
                            <a class="estDynamic" href="https://www.spesati.com/meat/horse">Horse</a>
                        </li>
                        <li>
                            <a class="estDynamic" href="https://www.spesati.com/meat/pork">Pork</a>
                        </li>
                        <li>
                            <a class="estDynamic" href="https://www.spesati.com/meat/lamb">Lamb</a>
                        </li>
                        <li>
                            <a class="estDynamic" href="https://www.spesati.com/meat/poultry">Poultry</a>
                        </li>
                    </ul>
                </li>
                <li>
                    <img src="http://cdn.spesati.com/images/menu/fish.png"/>
                    Fish                    <i class="fa fa-angle-down" aria-hidden="true"></i>
                    <ul class="sub-menu">
                        <li>
                            <a class="estDynamic" href="https://www.spesati.com/fish/fresh-water">Fresh water</a>
                        </li>
                        <li>
                            <a class="estDynamic" href="https://www.spesati.com/fish/salt-water">Salt water</a>
                        </li>
                        <li>
                            <a class="estDynamic" href="https://www.spesati.com/fish/mussels">Mussels</a>
                        </li>
                        <li>
                            <a class="estDynamic" href="https://www.spesati.com/fish/dried-and-salted">Dried and salted</a>
                        </li>
                        <li>
                            <a class="estDynamic" href="https://www.spesati.com/fish/seafood-salad">Seafood salad</a>
                        </li>
                        <li>
                            <a class="estDynamic" href="https://www.spesati.com/fish/prepared">Prepared</a>
                        </li>
                        <li>
                            <a class="estDynamic" href="https://www.spesati.com/fish/specialty">Specialty</a>
                        </li>   
                        <li>
                            <a class="estDynamic" href="https://www.spesati.com/fish/tuna-and-salmon">Tuna and salmon</a>
                        </li>
                    </ul>
                </li>
                <li>
                    <img src="http://cdn.spesati.com/images/menu/alcohol.png"/>
                    Wine beer and spirits                    <i class="fa fa-angle-down" aria-hidden="true"></i>
                    <ul class="sub-menu">
                        <li>
                            <a class="estDynamic" href="https://www.spesati.com/wine-beer-and-spirits/spirits-and-liquors">Alcohol</a>
                        </li>
                        <li>
                            <a class="estDynamic" href="https://www.spesati.com/wine-beer-and-spirits/bitters">Bitters</a>
                        </li>
                        <li>
                            <a class="estDynamic" href="https://www.spesati.com/wine-beer-and-spirits/aperatif">Aperatifs</a>
                        </li>
                        <li>
                            <a class="estDynamic" href="https://www.spesati.com/wine-beer-and-spirits/beer">Beer</a>
                        </li>
                        <li>
                            <a class="estDynamic" href="https://www.spesati.com/wine-beer-and-spirits/creams">Creams</a>
                        </li>
                        <li>
                            <a class="estDynamic" href="https://www.spesati.com/wine-beer-and-spirits/spirits">Spirits</a>
                        </li>
                        <li>
                            <a class="estDynamic" href="https://www.spesati.com/wine-beer-and-spirits/liquors">Liquors</a>
                        </li>
                        <li>
                            <a class="estDynamic" href="https://www.spesati.com/wine-beer-and-spirits/white-wine">White wine</a>
                        </li>
                        <li>
                            <a class="estDynamic" href="https://www.spesati.com/wine-beer-and-spirits/prosecco-wine">Prosecco wine</a>
                        </li>
                        <li>
                            <a class="estDynamic" href="https://www.spesati.com/wine-beer-and-spirits/rose-wine">Rose wine</a>
                        </li>
                        <li>
                            <a class="estDynamic" href="https://www.spesati.com/wine-beer-and-spirits/red-wine">Red wine</a>
                        </li>
                        <li>
                            <a class="estDynamic" href="https://www.spesati.com/wine-beer-and-spirits/specialty-wine">Special wine</a>
                        </li>
                        <li>
                            <a class="estDynamic" href="https://www.spesati.com/wine-beer-and-spirits/sparkling-wine">Sparkling wine</a>
                        </li>
                        <li>
                            <a class="estDynamic" href="https://www.spesati.com/wine-beer-and-spirits/vermentino-wine">Vermentino wine</a>
                        </li>
                    </ul>
                </li>
                <li>
                    <img src="http://cdn.spesati.com/images/menu/water-and-drinks.png"/>
                    Water and drinks                    <i class="fa fa-angle-down" aria-hidden="true"></i>
                    <ul class="sub-menu">
                        <li>
                            <a class="estDynamic" href="https://www.spesati.com/water-and-drinks/san-martino">San Martino</a>
                        </li>
                        <li>
                            <a class="estDynamic" href="https://www.spesati.com/water-and-drinks/water">Water</a>
                        </li>
                        <li>
                            <a class="estDynamic" href="https://www.spesati.com/water-and-drinks/alpro">Alpro</a>
                        </li>
                        <li>
                            <a class="estDynamic" href="https://www.spesati.com/water-and-drinks/fizzy-drinks">Fizzy drinks</a>
                        </li>
                        <li>
                            <a class="estDynamic" href="https://www.spesati.com/water-and-drinks/coca-cola">Coca-Cola</a>
                        </li>
                        <li>
                            <a class="estDynamic" href="https://www.spesati.com/water-and-drinks/energy-drink">Energy drink</a>
                        </li>
                        <li>
                            <a class="estDynamic" href="https://www.spesati.com/water-and-drinks/syrups">Syrups</a>
                        </li>
                        <li>
                            <a class="estDynamic" href="https://www.spesati.com/water-and-drinks/supplements">Supplements</a>
                        </li>
                        <li>
                            <a class="estDynamic" href="https://www.spesati.com/water-and-drinks/instant-drinks">Instant drinks</a>
                        </li>
                        <li>
                            <a class="estDynamic" href="https://www.spesati.com/water-and-drinks/juice">Juice</a>
                        </li>
                        <li>
                            <a class="estDynamic" href="https://www.spesati.com/water-and-drinks/tea">Tea</a>
                        </li>
                    </ul>
                </li>
                <li>
                    <img src="http://cdn.spesati.com/images/menu/sweets.png"/>
                    Sweets                    <i class="fa fa-angle-down" aria-hidden="true"></i>
                    <ul class="sub-menu">
                        <li>
                            <a class="estDynamic" href="https://www.spesati.com/sweets/bars-and-snacks">Bars and snacks</a>
                        </li>
                        <li>
                            <a class="estDynamic" href="https://www.spesati.com/sweets/biscuits">Biscuits</a>
                        </li>
                        <li>
                            <a class="estDynamic" href="https://www.spesati.com/sweets/brioches">Brioches</a>
                        </li>
                        <li>
                            <a class="estDynamic" href="https://www.spesati.com/sweets/candy-and-chewing-gum">Candy and chewing gum</a>
                        </li>
                        <li>
                            <a class="estDynamic" href="https://www.spesati.com/sweets/cereals">Cereals</a>
                        </li>
                        <li>
                            <a class="estDynamic" href="https://www.spesati.com/sweets/chocolate">Chocolate</a>
                        </li>
                        <li>
                            <a class="estDynamic" href="https://www.spesati.com/sweets/spreadable-creams">Spreads</a>
                        </li>
                        <li>
                            <a class="estDynamic" href="https://www.spesati.com/sweets/dessert-toppings">Dessert toppings</a>
                        </li>
                        <li>
                            <a class="estDynamic" href="https://www.spesati.com/sweets/jam">Jam</a>
                        </li>
                        <li>
                            <a class="estDynamic" href="https://www.spesati.com/sweets/honey">Honey</a>
                        </li>
                        <li>
                            <a class="estDynamic" href="https://www.spesati.com/sweets/panettoni-and-pandoro">Panettone and pandoro</a>
                        </li>
                        <li>
                            <a class="estDynamic" href="https://www.spesati.com/sweets/pastry">Pastry</a>
                        </li>
                        <li>
                            <a class="estDynamic" href="https://www.spesati.com/sweets/instant-dessert">Prepared</a>
                        </li>
                        <li>
                            <a class="estDynamic" href="https://www.spesati.com/sweets/cakes-and-pies">Cakes and pies</a>
                        </li>
                        <li>
                            <a class="estDynamic" href="https://www.spesati.com/sweets/easter-eggs-and-doves">Easter eggs and doves</a>
                        </li>
                    </ul>
                </li>
                <li>
                    <img src="http://cdn.spesati.com/images/menu/shelf.png"/>
                    Cupboard                    <i class="fa fa-angle-down" aria-hidden="true"></i>
                    <ul class="sub-menu">
                        <li>
                            <a class="estDynamic" href="https://www.spesati.com/shelf/coffee">Coffee</a>
                        </li>
                        <li>
                            <a class="estDynamic" href="https://www.spesati.com/shelf/gift-baskets">Gift baskets</a>
                        </li>
                        <li>
                            <a class="estDynamic" href="https://www.spesati.com/shelf/stock-cubes">Nuts and preparations</a>
                        </li>
                        <li>
                            <a class="estDynamic" href="https://www.spesati.com/shelf/flour-and-baking">Flour and baking</a>
                        </li>
                        <li>
                            <a class="estDynamic" href="https://www.spesati.com/shelf/milk">Milk</a>
                        </li>
                        <li>
                            <a class="estDynamic" href="https://www.spesati.com/shelf/oil-salt-vinegar">Oil, vinegar and salt</a>
                        </li>
                        <li>
                            <a class="estDynamic" href="https://www.spesati.com/shelf/cream-and-bechamel">Cream and bechamel</a>
                        </li>
                        <li>
                            <a class="estDynamic" href="https://www.spesati.com/shelf/crisps-and-pretzels">Crisps and pretzels</a>
                        </li>
                        <li>
                            <a class="estDynamic" href="https://www.spesati.com/shelf/baby-and-infants-products">Early childhood products</a>
                        </li>
                        <li>
                            <a class="estDynamic" href="https://www.spesati.com/shelf/rice">Rice</a>
                        </li>
                        <li>
                            <a class="estDynamic" href="https://www.spesati.com/shelf/tins-and-preserves">Tins and Preserves</a>
                        </li>
                        <li>
                            <a class="estDynamic" href="https://www.spesati.com/shelf/spices">Spices</a>
                        </li>
                        <li>
                            <a class="estDynamic" href="https://www.spesati.com/shelf/sauces">Sauces</a>
                        </li>
                        <li>
                            <a class="estDynamic" href="https://www.spesati.com/shelf/tea-and-infusions">Tea and infusions</a>
                        </li>
                        <li>
                            <a class="estDynamic" href="https://www.spesati.com/shelf/eggs">Eggs</a>
                        </li>
                        <li>
                            <a class="estDynamic" href="https://www.spesati.com/shelf/sugar-and-sweeteners">Sugar and sweeteners</a>
                        </li>
                    </ul>
                </li>
                <li>
                    <img src="http://cdn.spesati.com/images/menu/personal-care.png"/>
                    Personal care                    <i class="fa fa-angle-down" aria-hidden="true"></i>
                    <ul class="sub-menu">
                        <li>
                            <a class="estDynamic" href="https://www.spesati.com/personal-care/accessories-and-cotton">Accessories and cotton</a>
                        </li>
                        <li>
                            <a class="estDynamic" href="https://www.spesati.com/personal-care/feminine-care-incontinence-and-baby-diapers">Feminine incontinence and diapers</a>
                        </li>
                        <li>
                            <a class="estDynamic" href="https://www.spesati.com/personal-care/shower-gel">Shower gel</a>
                        </li>
                        <li>
                            <a class="estDynamic" href="https://www.spesati.com/personal-care/creams">Creams</a>
                        </li>
                        <li>
                            <a class="estDynamic" href="https://www.spesati.com/personal-care/deodorant">Deodorant</a>
                        </li>
                        <li>
                            <a class="estDynamic" href="https://www.spesati.com/personal-care/hair-removal">Hair removal</a>
                        </li>
                        <li>
                            <a class="estDynamic" href="https://www.spesati.com/personal-care/disinfectants">Disinfectants</a>
                        </li>
                        <li>
                            <a class="estDynamic" href="https://www.spesati.com/personal-care/oral-hygiene">Oral hygiene</a>
                        </li>
                        <li>
                            <a class="estDynamic" href="https://www.spesati.com/personal-care/supplements-and-multivitamins">Supplements and multivitamins</a>
                        </li>
                        <li>
                            <a class="estDynamic" href="https://www.spesati.com/personal-care/first-aid">First aid label</a>
                        </li>
                        <li>
                            <a class="estDynamic" href="https://www.spesati.com/personal-care/beard-products">Beard products</a>
                        </li>
                        <li>
                            <a class="estDynamic" href="https://www.spesati.com/personal-care/hairs-products">Hair products</a>
                        </li>
                        <li>
                            <a class="estDynamic" href="https://www.spesati.com/personal-care/perfume">Perfumes</a>
                        </li>
                        <li>
                            <a class="estDynamic" href="https://www.spesati.com/personal-care/wipes">Wipes</a>
                        </li>
                        <li>
                            <a class="estDynamic" href="https://www.spesati.com/personal-care/soaps-and-body-wash">Soaps and body wash</a>
                        </li>
                        <li>
                            <a class="estDynamic" href="https://www.spesati.com/personal-care/shampoo-and-conditioner">Shampoo and conditioner</a>
                        </li>
                    </ul>
                </li>
                <li>
                    <img src="http://cdn.spesati.com/images/menu/pellet-and-home.png"/>
                    Home and outdoors                    <i class="fa fa-angle-down" aria-hidden="true"></i>
                    <ul class="sub-menu">
                        <li>
                            <a class="estDynamic" href="https://www.spesati.com/household-and-outdoors/distilled-water">Distilled water</a>
                        </li>
                        <li>
                            <a class="estDynamic" href="https://www.spesati.com/household-and-outdoors/car-products">Cars</a>
                        </li>
                        <li>
                            <a class="estDynamic" href="https://www.spesati.com/household-and-outdoors/bin-bags-and-buckets">Bin bags and buckets</a>
                        </li>
                        <li>
                            <a class="estDynamic" href="https://www.spesati.com/household-and-outdoors/bleach-and-stain-removers">Bleach and stain removers</a>
                        </li>
                        <li>
                            <a class="estDynamic" href="https://www.spesati.com/household-and-outdoors/candles">Candles</a>
                        </li>
                        <li>
                            <a class="estDynamic" href="https://www.spesati.com/household-and-outdoors/kitchen-roll">Kitchen roll</a>
                        </li>
                        <li>
                            <a class="estDynamic" href="https://www.spesati.com/household-and-outdoors/air-fresheners">Air fresheners</a>
                        </li>
                        <li>
                            <a class="estDynamic" href="https://www.spesati.com/household-and-outdoors/laundry-accessories-and-detergent">Laundry detergent</a>
                        </li>
                        <li>
                            <a class="estDynamic" href="https://www.spesati.com/household-and-outdoors/dishwasher-and-washing-up">Dishwasher and washing up</a>
                        </li>
                        <li>
                            <a class="estDynamic" href="https://www.spesati.com/household-and-outdoors/gardening">Gardening</a>
                        </li>
                        <li>
                            <a class="estDynamic" href="https://www.spesati.com/household-and-outdoors/light-bulbs-and-batteries">Lightbulbs and batteries</a>
                        </li>
                        <li>
                            <a class="estDynamic" href="https://www.spesati.com/household-and-outdoors/pellet-and-bbq">Pellet and BBQ</a>
                        </li>
                        <li>
                            <a class="estDynamic" href="https://www.spesati.com/household-and-outdoors/bathroom-products">Bathroom products</a>
                        </li>
                        <li>
                            <a class="estDynamic" href="https://www.spesati.com/household-and-outdoors/home-and-furniture-products">Home and furniture products</a>
                        </li>
                        <li>
                            <a class="estDynamic" href="https://www.spesati.com/household-and-outdoors/kitchen-products">Kitchen products</a>
                        </li>
                        <li>
                            <a class="estDynamic" href="https://www.spesati.com/household-and-outdoors/window-and-floor-cleaners">Window and floor cleaner</a>
                        </li>
                        <li>
                            <a class="estDynamic" href="https://www.spesati.com/household-and-outdoors/repellents">Repellents</a>
                        </li>
                        <li>
                            <a class="estDynamic" href="https://www.spesati.com/household-and-outdoors/disposable-tableware">Disposable tableware</a>
                        </li>
                    </ul>
                </li>
                <li>
                    <img src="http://cdn.spesati.com/images/menu/animals.png"/>
                    Pets                    <i class="fa fa-angle-down" aria-hidden="true"></i>
                    <ul class="sub-menu">
                        <li>
                            <a class="estDynamic" href="https://www.spesati.com/pets/pet-food-other-animals">Other animals pet food</a>
                        </li>
                        <li>
                            <a class="estDynamic" href="https://www.spesati.com/pets/pet-food-dogs">Pet food dogs</a>
                        </li>
                        <li>
                            <a class="estDynamic" href="https://www.spesati.com/pets/pet-food-cats">Pet food cats</a>
                        </li>
                        <li>
                            <a class="estDynamic" href="https://www.spesati.com/pets/hygiene-and-cleaning">Hygiene and cleaning</a>
                        </li>
                    </ul>
                </li>
                <li>
                    <img src="http://cdn.spesati.com/images/menu/technology.png"/>
                    Technology                    <i class="fa fa-angle-down" aria-hidden="true"></i>
                    <ul class="sub-menu">
                        <li>
                            <a class="estDynamic" href="https://www.spesati.com/technology/accessories">Accessories</a>
                        </li>
                        <li>
                            <a class="estDynamic" href="https://www.spesati.com/technology/computer">Computer</a>
                        </li>
                        <li>
                            <a class="estDynamic" href="https://www.spesati.com/technology/telephones">Telephones</a>
                        </li>
                        <li>
                            <a class="estDynamic" href="https://www.spesati.com/technology/tv">TV</a>
                        </li>
                    </ul>
                </li>
                <li>
                    <img src="http://cdn.spesati.com/images/menu/gluten-free.png"/>
                    Gluten free                    <i class="fa fa-angle-down" aria-hidden="true"></i>
                    <ul class="sub-menu">
                        <li>
                            <a class="estDynamic" href="https://www.spesati.com/gluten-free/frozen-foods">Frozen foods</a>
                        </li>
                        <li>
                            <a class="estDynamic" href="https://www.spesati.com/gluten-free/beer">Beer</a>
                        </li>
                        <li>
                            <a class="estDynamic" href="https://www.spesati.com/gluten-free/sweets">Sweets</a>
                        </li>
                        <li>
                            <a class="estDynamic" href="https://www.spesati.com/gluten-free/bread-and-pasta">Bread and pasta</a>
                        </li>
                        <li>
                            <a class="estDynamic" href="https://www.spesati.com/gluten-free/shelf">Cupboard</a>
                        </li>
                    </ul>
                </li>
                <li>
                    <img src="http://cdn.spesati.com/images/menu/lactose-free.png"/>
                    Lactose free                    <i class="fa fa-angle-down" aria-hidden="true"></i>
                    <ul class="sub-menu">
                        <li>
                            <a class="estDynamic" href="https://www.spesati.com/lactose-free/frozen-foods">Frozen foods</a>
                        </li>
                        <li>
                            <a class="estDynamic" href="https://www.spesati.com/lactose-free/sweets">Sweets</a>
                        </li>
                        <li>
                            <a class="estDynamic" href="https://www.spesati.com/lactose-free/dairy-product">Dairy product</a>
                        </li>
                        <li>
                            <a class="estDynamic" href="https://www.spesati.com/lactose-free/shelf">Cupboard</a>
                        </li>
                    </ul>
                </li>
                <li>
                    <img src="http://cdn.spesati.com/images/menu/special.png"/>
                    Special                    <i class="fa fa-angle-down" aria-hidden="true"></i>
                    <ul class="sub-menu">
                        <li>
                            <a class="estDynamic" href="https://www.spesati.com/special/alpro">Alpro</a>
                        </li>
                        <li>
                            <a class="estDynamic" href="https://www.spesati.com/special/organic">Biological</a>
                        </li>
                        <li>
                            <a class="estDynamic" href="https://www.spesati.com/special/meat">Meat</a>
                        </li>
                        <li>
                            <a class="estDynamic" href="https://www.spesati.com/special/wholegrain">Wholegrain</a>
                        </li>
                        <li>
                            <a class="estDynamic" href="https://www.spesati.com/special/bread-and-pasta">Bread and pasta</a>
                        </li>
                        <li>
                            <a class="estDynamic" href="https://www.spesati.com/special/vegan">Vegan</a>
                        </li>
                    </ul>
                </li>
                <li>
                    <img src="http://cdn.spesati.com/images/menu/sardinian-products.png"/>
                    Sardinian products                    <i class="fa fa-angle-down" aria-hidden="true"></i>
                    <ul class="sub-menu">
                        <li>
                            <a class="estDynamic" href="https://www.spesati.com/sardinian-products/drinks">Drinks</a>
                        </li>
                        <li>
                            <a class="estDynamic" href="https://www.spesati.com/sardinian-products/meat">Meat</a>
                        </li>
                        <li>
                            <a class="estDynamic" href="https://www.spesati.com/sardinian-products/sweets">Sweets</a>
                        </li>
                        <li>
                            <a class="estDynamic" href="https://www.spesati.com/sardinian-products/fruit-and-vegetables">Fruit and vegetables</a>
                        </li>
                        <li>
                            <a class="estDynamic" href="https://www.spesati.com/sardinian-products/ichnusa">Ichnusa</a>
                        </li>
                        <li>
                            <a class="estDynamic" href="https://www.spesati.com/sardinian-products/dairy-product">Dairy product</a>
                        </li>
                        <li>
                            <a class="estDynamic" href="https://www.spesati.com/sardinian-products/bread-and-pasta">Bread and pasta</a>
                        </li>
                        <li>
                            <a class="estDynamic" href="https://www.spesati.com/sardinian-products/fish">Fish</a>
                        </li>
                        <li>
                            <a class="estDynamic" href="https://www.spesati.com/sardinian-products/cured-meat">Cured meat</a>
                        </li>
                        <li>
                            <a class="estDynamic" href="https://www.spesati.com/sardinian-products/shelf">Cupboard</a>
                        </li>
                        <li>
                            <a class="estDynamic" href="https://www.spesati.com/sardinian-products/vermentino-wine">Vermentino wine</a>
                        </li>
                        <li>
                            <a class="estDynamic" href="https://www.spesati.com/sardinian-products/wine-beer-and-spirits">Wine beer and spirits</a>
                        </li>
                    </ul>
                </li>
            </ul>
        </li>
        <li>
            <a href="https://www.spesati.com/about">About</a>
        </li>
        <li>
            <a href="https://www.spesati.com/faq">Faq</a>
        </li>
        <li>
            <a href="https://www.spesati.com/customer-care">Support</a>
        </li>
        <li>
            <a href="https://www.spesati.com/news">Blog</a>
        </li>
        <li>
            <a href="https://www.spesati.com/terms-and-conditions">Conditions</a>
        </li>
        <li>
            <a href="https://www.spesati.com/privacy-policy">Privacy policy</a>
        </li>
        <li>
            <a href="https://www.spesati.com/login">Login</a>
        </li>
        <li>
             <a href="https://www.spesati.com/sign-up">Sign up</a>
        </li>
    </ul>
</div><section class="first">
    <div id="menuCategories" class="colLeft">
    <ul id="main_nav" >
        <li>
            <a class="estDynamic" href="https://www.spesati.com/on-offer">
               <img src="http://cdn.spesati.com/images/menu/on-sale.png"/>
               On sale            </a>
            <i class="fa fa-angle-right" aria-hidden="true"></i>
            <ul class="sub-menu">
                <li>
    <a href="https://www.spesati.com/tacchino-fesa-a-fette" class="estDynamic">Tacchino Fesa A Fette</a>
</li><li>
    <a href="https://www.spesati.com/amaro-montenegro-15lt" class="estDynamic">Amaro Montenegro 1,5lt</a>
</li><li>
    <a href="https://www.spesati.com/carbone-di-legna-sacco-10kg" class="estDynamic">Carbone Di Legna Sacco 10Kg</a>
</li><li>
    <a href="https://www.spesati.com/filu-e-ferru-silvio-carta-70cl" class="estDynamic">Filu E Ferru Silvio Carta 70Cl</a>
</li><li>
    <a href="https://www.spesati.com/braciole-suino-con-cotenna" class="estDynamic">Braciole Suino Con Cotenna</a>
</li><li>
    <a href="https://www.spesati.com/bovino-adulto-polpa" class="estDynamic">Bovino Adulto Polpa</a>
</li><li>
    <a href="https://www.spesati.com/vino-la-palma-cannonau-le-bombarde" class="estDynamic">Vino La Palma Cannonau Le Bombarde</a>
</li><li>
    <a href="https://www.spesati.com/fettine-sceltissime-bovino-adulto" class="estDynamic">Fettine Sceltissime Bovino Adulto</a>
</li><li>
    <a href="https://www.spesati.com/suino-fettine-scelte" class="estDynamic">Suino Fettine Scelte</a>
</li><li>
    <a href="https://www.spesati.com/lavazza-caffe-qualita-rossa-2x250gr" class="estDynamic">Lavazza Caffé Qualità Rossa 2x250gr</a>
</li>                <li>
                    <a class="estDynamic" href="https://www.spesati.com/on-offer">All products on sale</a>
                </li>
            </ul>
        </li>
        <li>
            <a class="estDynamic" href="https://www.spesati.com/gift">
               <img src="http://cdn.spesati.com/images/menu/gift.png"/>
               Gifts            </a>
            <i class="fa fa-angle-right" aria-hidden="true"></i>
            <ul class="sub-menu">
                <li>
    <a href="https://www.spesati.com/gift-card-da-150" class="estDynamic">Gift Card Da 150</a>
</li><li>
    <a href="https://www.spesati.com/gift-card-da-100" class="estDynamic">Gift Card Da 100</a>
</li><li>
    <a href="https://www.spesati.com/gift-card-da-50" class="estDynamic">Gift Card Da 50</a>
</li><li>
    <a href="https://www.spesati.com/gift-card-da-25" class="estDynamic">Gift Card Da 25</a>
</li>                <li>
                    <a class="estDynamic" href="https://www.spesati.com/gift">All products in the gifts category</a>
                </li>
            </ul>
        </li>
        <li>
            <a class="estDynamic" href="https://www.spesati.com/gift-card">
               <img src="http://cdn.spesati.com/images/menu/gift-card.png"/>
               Gift card and discounts            </a>
            <i class="fa fa-angle-right" aria-hidden="true"></i>
            <ul class="sub-menu">
                <li>
    <a href="https://www.spesati.com/gift-card-da-150">Gift Card Da 150</a>
</li><li>
    <a href="https://www.spesati.com/gift-card-da-100">Gift Card Da 100</a>
</li><li>
    <a href="https://www.spesati.com/gift-card-da-50">Gift Card Da 50</a>
</li><li>
    <a href="https://www.spesati.com/gift-card-da-25">Gift Card Da 25</a>
</li>            </ul>
        </li>
        <li>
            <a class="estDynamic" href="https://www.spesati.com/fruit-and-vegetables">
               <img src="http://cdn.spesati.com/images/menu/fuit-and-vegetables.png"/>
               Fruit and vegetables           </a>
            <i class="fa fa-angle-right" aria-hidden="true"></i>
            <ul class="sub-menu">
                <li>
                    <a class="estDynamic" href="https://www.spesati.com/fruit-and-vegetables/pulses-and-beans">Cereals and pulses and beans</a>
                </li>
                <li>
                    <a class="estDynamic" href="https://www.spesati.com/fruit-and-vegetables/fruit">Fruit</a>
                </li>
                <li>
                    <a class="estDynamic" href="https://www.spesati.com/fruit-and-vegetables/canned-fruit">Canned fruit</a>
                </li>
                <li>
                    <a class="estDynamic" href="https://www.spesati.com/fruit-and-vegetables/dried-fruit">Dried fruit</a>
                </li>
                <li>
                    <a class="estDynamic" href="https://www.spesati.com/fruit-and-vegetables/ready-salads">Ready salads</a>
                </li>
                <li>
                    <a class="estDynamic" href="https://www.spesati.com/fruit-and-vegetables/fresh-spices">Fresh spices</a>
                </li>
                <li>
                    <a class="estDynamic" href="https://www.spesati.com/fruit-and-vegetables/vegetables">Vegetables and soy</a>
                </li>
            </ul>
        </li>
        <li>
            <a class="estDynamic" href="https://www.spesati.com/fresh-products">
                <img src="http://cdn.spesati.com/images/menu/fresh-products.png"/>
                Fresh products            </a>
            <i class="fa fa-angle-right" aria-hidden="true"></i>
            <ul class="sub-menu">
                <li>
                    <a class="estDynamic" href="https://www.spesati.com/fresh-products/margarine-and-butter">Butter and margarine</a>
                </li>
                <li>
                    <a class="estDynamic" href="https://www.spesati.com/fresh-products/danone">Danone</a>
                </li>
                <li>
                    <a class="estDynamic" href="https://www.spesati.com/fresh-products/dessert">Dessert</a>
                </li>
                <li>
                    <a class="estDynamic" href="https://www.spesati.com/fresh-products/sweets">Sweets</a>
                </li>
                <li>
                    <a class="estDynamic" href="https://www.spesati.com/fresh-products/dairy-products">Dairy product</a>
                </li>
                <li>
                    <a class="estDynamic" href="https://www.spesati.com/fresh-products/bakery">Yeast</a>
                </li>
                <li>
                    <a class="estDynamic" href="https://www.spesati.com/fresh-products/mascarpone">Mascarpone</a>
                </li>
                <li>
                    <a class="estDynamic" href="https://www.spesati.com/fresh-products/snacks">Snacks</a>
                </li>
                <li>
                    <a class="estDynamic" href="https://www.spesati.com/fresh-products/mozzarella">Mozzarella</a>
                </li>
                <li>
                    <a class="estDynamic" href="https://www.spesati.com/fresh-products/pasta">Pasta</a>
                </li>
                <li>
                    <a class="estDynamic" href="https://www.spesati.com/fresh-products/pesto-and-sauces">Pesto and sauces</a>
                </li>
                <li>
                    <a class="estDynamic" href="https://www.spesati.com/fresh-products/ricotta-and-cheese">Ricotta and cheese</a>
                </li>
                <li>
                    <a class="estDynamic" href="https://www.spesati.com/fresh-products/cured-meat">Cured meat</a>
                </li>
                <li>
                    <a class="estDynamic" href="https://www.spesati.com/fresh-products/wurstel">Würstel</a>
                </li>
                <li>
                    <a class="estDynamic" href="https://www.spesati.com/fresh-products/yogurt">Yogurt</a>
                </li>
            </ul>
        </li>
        <li>
            <a class="estDynamic" href="https://www.spesati.com/frozen-foods">
                <img src="http://cdn.spesati.com/images/menu/frozen-foods.png"/>
                Frozen foods            </a>
            <i class="fa fa-angle-right" aria-hidden="true"></i>
            <ul class="sub-menu">
                <li>
                    <a class="estDynamic" href="https://www.spesati.com/frozen-foods/meat">Meat</a>
                </li>
                <li>
                    <a class="estDynamic" href="https://www.spesati.com/frozen-foods/ice-creams">Ice cream and sweet</a>
                </li>
                <li>
                    <a class="estDynamic" href="https://www.spesati.com/frozen-foods/pasta">Pasta</a>
                </li>
                <li>
                    <a class="estDynamic" href="https://www.spesati.com/frozen-foods/fish">Fish</a>
                </li>
                <li>
                    <a class="estDynamic" href="https://www.spesati.com/frozen-foods/ready-meals">Ready meals</a>
                </li>
                <li>
                    <a class="estDynamic" href="https://www.spesati.com/frozen-foods/pizzas">Pizzas</a>
                </li>
                <li>
                    <a class="estDynamic" href="https://www.spesati.com/frozen-foods/vegetables">Vegetables and soy</a>
                </li>
            </ul>
        </li>
        <li>
            <a class="estDynamic" href="https://www.spesati.com/bread-and-pasta">
                <img src="http://cdn.spesati.com/images/menu/bread-and-pasta.png"/>
                Bread and pasta            </a>
            <i class="fa fa-angle-right" aria-hidden="true"></i>
            <ul class="sub-menu">
                <li>
                    <a class="estDynamic" href="https://www.spesati.com/bread-and-pasta/crackers">Crackers</a>
                </li>
                <li>
                    <a class="estDynamic" href="https://www.spesati.com/bread-and-pasta/rusks">Rusks</a>
                </li>
                <li>
                    <a class="estDynamic" href="https://www.spesati.com/bread-and-pasta/white-bread">White bread</a>
                </li>
                <li>
                    <a class="estDynamic" href="https://www.spesati.com/bread-and-pasta/local-bread">Local bread</a>
                </li>
                <li>
                    <a class="estDynamic" href="https://www.spesati.com/bread-and-pasta/soft-bread">Soft bread</a>
                </li>
                <li>
                    <a class="estDynamic" href="https://www.spesati.com/bread-and-pasta/sardinian-bread">Sardinian bread</a>
                </li>
                <li>
                    <a class="estDynamic" href="https://www.spesati.com/bread-and-pasta/bakery">Bakery</a>
                </li>
                <li>
                    <a class="estDynamic" href="https://www.spesati.com/bread-and-pasta/pasta">Pasta</a>
                </li>
                <li>
                    <a class="estDynamic" href="https://www.spesati.com/bread-and-pasta/fresh-pasta">Fresh pasta</a>
                </li>
            </ul>
        </li>
        <li>
            <a class="estDynamic" href="https://www.spesati.com/meat">
                <img src="http://cdn.spesati.com/images/menu/meat.png"/>
                Meat            </a>
            <i class="fa fa-angle-right" aria-hidden="true"></i>
            <ul class="sub-menu">
                <li>
                    <a class="estDynamic" href="https://www.spesati.com/meat/beef">Beef</a>
                </li>
                <li>
                    <a class="estDynamic" href="https://www.spesati.com/meat/goat">Goat</a>
                </li>
                <li>
                    <a class="estDynamic" href="https://www.spesati.com/meat/packaged-meat">Packaged meat</a>
                </li>
                <li>
                    <a class="estDynamic" href="https://www.spesati.com/meat/rabbit">Rabbit</a>
                </li>
                <li>
                    <a class="estDynamic" href="https://www.spesati.com/meat/horse">Horse</a>
                </li>
                <li>
                    <a class="estDynamic" href="https://www.spesati.com/meat/pork">Pork</a>
                </li>
                <li>
                    <a class="estDynamic" href="https://www.spesati.com/meat/lamb">Lamb</a>
                </li>
                <li>
                    <a class="estDynamic" href="https://www.spesati.com/meat/poultry">Poultry</a>
                </li>
            </ul>
        </li>
        <li>
            <a class="estDynamic" href="https://www.spesati.com/fish">
                <img src="http://cdn.spesati.com/images/menu/fish.png"/>
                Fish            </a>
            <i class="fa fa-angle-right" aria-hidden="true"></i>
            <ul class="sub-menu">
                <li>
                    <a class="estDynamic" href="https://www.spesati.com/fish/fresh-water">Fresh water</a>
                </li>
                <li>
                    <a class="estDynamic" href="https://www.spesati.com/fish/salt-water">Salt water</a>
                </li>
                <li>
                    <a class="estDynamic" href="https://www.spesati.com/fish/mussels">Mussels</a>
                </li>
                <li>
                    <a class="estDynamic" href="https://www.spesati.com/fish/dried-and-salted">Dried and salted</a>
                </li>
                <li>
                    <a class="estDynamic" href="https://www.spesati.com/fish/seafood-salad">Seafood salad</a>
                </li>
                <li>
                    <a class="estDynamic" href="https://www.spesati.com/fish/prepared">Prepared</a>
                </li>
                <li>
                    <a class="estDynamic" href="https://www.spesati.com/fish/specialty">Specialty</a>
                </li>   
                <li>
                    <a class="estDynamic" href="https://www.spesati.com/fish/tuna-and-salmon">Tuna and salmon</a>
                </li>
            </ul>
        </li>
        <li>
            <a class="estDynamic" href="https://www.spesati.com/wine-beer-and-spirits">
                <img src="http://cdn.spesati.com/images/menu/alcohol.png"/>
                Wine beer and spirits            </a>
            <i class="fa fa-angle-right" aria-hidden="true"></i>
            <ul class="sub-menu">
                <li>
                    <a class="estDynamic" href="https://www.spesati.com/wine-beer-and-spirits/spirits-and-liquors">Alcohol</a>
                </li>
                <li>
                    <a class="estDynamic" href="https://www.spesati.com/wine-beer-and-spirits/bitters">Bitters</a>
                </li>
                <li>
                    <a class="estDynamic" href="https://www.spesati.com/wine-beer-and-spirits/aperatif">Aperatifs</a>
                </li>
                <li>
                    <a class="estDynamic" href="https://www.spesati.com/wine-beer-and-spirits/beer">Beer</a>
                </li>
                <li>
                    <a class="estDynamic" href="https://www.spesati.com/wine-beer-and-spirits/creams">Creams</a>
                </li>
                <li>
                    <a class="estDynamic" href="https://www.spesati.com/wine-beer-and-spirits/spirits">Spirits</a>
                </li>
                <li>
                    <a class="estDynamic" href="https://www.spesati.com/wine-beer-and-spirits/liquors">Liquors</a>
                </li>
                <li>
                    <a class="estDynamic" href="https://www.spesati.com/wine-beer-and-spirits/white-wine">White wine</a>
                </li>
                <li>
                    <a class="estDynamic" href="https://www.spesati.com/wine-beer-and-spirits/prosecco-wine">Prosecco wine</a>
                </li>
                <li>
                    <a class="estDynamic" href="https://www.spesati.com/wine-beer-and-spirits/rose-wine">Rose wine</a>
                </li>
                <li>
                    <a class="estDynamic" href="https://www.spesati.com/wine-beer-and-spirits/red-wine">Red wine</a>
                </li>
                <li>
                    <a class="estDynamic" href="https://www.spesati.com/wine-beer-and-spirits/specialty-wine">Special wine</a>
                </li>
                <li>
                    <a class="estDynamic" href="https://www.spesati.com/wine-beer-and-spirits/sparkling-wine">Sparkling wine</a>
                </li>
                <li>
                    <a class="estDynamic" href="https://www.spesati.com/wine-beer-and-spirits/vermentino-wine">Vermentino wine</a>
                </li>
            </ul>
        </li>
        <li>
            <a class="estDynamic" href="https://www.spesati.com/water-and-drinks">
                <img src="http://cdn.spesati.com/images/menu/water-and-drinks.png"/>
                Water and drinks            </a>
            <i class="fa fa-angle-right" aria-hidden="true"></i>
            <ul class="sub-menu">
                <li>
                    <a class="estDynamic" href="https://www.spesati.com/water-and-drinks/san-martino">San Martino</a>
                </li>
                <li>
                    <a class="estDynamic" href="https://www.spesati.com/water-and-drinks/water">Water</a>
                </li>
                <li>
                    <a class="estDynamic" href="https://www.spesati.com/water-and-drinks/alpro">Alpro</a>
                </li>
                <li>
                    <a class="estDynamic" href="https://www.spesati.com/water-and-drinks/fizzy-drinks">Fizzy drinks</a>
                </li>
                <li>
                    <a class="estDynamic" href="https://www.spesati.com/water-and-drinks/coca-cola">Coca-Cola</a>
                </li>
                <li>
                    <a class="estDynamic" href="https://www.spesati.com/water-and-drinks/energy-drink">Energy drink</a>
                </li>
                <li>
                    <a class="estDynamic" href="https://www.spesati.com/water-and-drinks/syrups">Syrups</a>
                </li>
                <li>
                    <a class="estDynamic" href="https://www.spesati.com/water-and-drinks/supplements">Supplements</a>
                </li>
                <li>
                    <a class="estDynamic" href="https://www.spesati.com/water-and-drinks/instant-drinks">Instant drinks</a>
                </li>
                <li>
                    <a class="estDynamic" href="https://www.spesati.com/water-and-drinks/juice">Juice</a>
                </li>
                <li>
                    <a class="estDynamic" href="https://www.spesati.com/water-and-drinks/tea">Tea</a>
                </li>
            </ul>
        </li>
        <li>
            <a class="estDynamic" href="https://www.spesati.com/sweets">
                <img src="http://cdn.spesati.com/images/menu/sweets.png"/>
                Sweets            </a>
            <i class="fa fa-angle-right" aria-hidden="true"></i>
            <ul class="sub-menu">
                <li>
                    <a class="estDynamic" href="https://www.spesati.com/sweets/bars-and-snacks">Bars and snacks</a>
                </li>
                <li>
                    <a class="estDynamic" href="https://www.spesati.com/sweets/biscuits">Biscuits</a>
                </li>
                <li>
                    <a class="estDynamic" href="https://www.spesati.com/sweets/brioches">Brioches</a>
                </li>
                <li>
                    <a class="estDynamic" href="https://www.spesati.com/sweets/candy-and-chewing-gum">Candy and chewing gum</a>
                </li>
                <li>
                    <a class="estDynamic" href="https://www.spesati.com/sweets/cereals">Cereals</a>
                </li>
                <li>
                    <a class="estDynamic" href="https://www.spesati.com/sweets/chocolate">Chocolate</a>
                </li>
                <li>
                    <a class="estDynamic" href="https://www.spesati.com/sweets/spreadable-creams">Spreads</a>
                </li>
                <li>
                    <a class="estDynamic" href="https://www.spesati.com/sweets/dessert-toppings">Dessert toppings</a>
                </li>
                <li>
                    <a class="estDynamic" href="https://www.spesati.com/sweets/jam">Jam</a>
                </li>
                <li>
                    <a class="estDynamic" href="https://www.spesati.com/sweets/honey">Honey</a>
                </li>
                <li>
                    <a class="estDynamic" href="https://www.spesati.com/sweets/panettoni-and-pandoro">Panettone and pandoro</a>
                </li>
                <li>
                    <a class="estDynamic" href="https://www.spesati.com/sweets/pastry">Pastry</a>
                </li>
                <li>
                    <a class="estDynamic" href="https://www.spesati.com/sweets/instant-dessert">Prepared</a>
                </li>
                <li>
                    <a class="estDynamic" href="https://www.spesati.com/sweets/cakes-and-pies">Cakes and pies</a>
                </li>
                <li>
                    <a class="estDynamic" href="https://www.spesati.com/sweets/easter-eggs-and-doves">Easter eggs and doves</a>
                </li>
            </ul>
        </li>
        <li>
            <a class="estDynamic" href="https://www.spesati.com/shelf">
                <img src="http://cdn.spesati.com/images/menu/shelf.png"/>
                Cupboard            </a>
            <i class="fa fa-angle-right" aria-hidden="true"></i>
            <ul class="sub-menu">
                <li>
                    <a class="estDynamic" href="https://www.spesati.com/shelf/coffee">Coffee</a>
                </li>
                <li>
                    <a class="estDynamic" href="https://www.spesati.com/shelf/gift-baskets">Gift baskets</a>
                </li>
                <li>
                    <a class="estDynamic" href="https://www.spesati.com/shelf/stock-cubes">Nuts and preparations</a>
                </li>
                <li>
                    <a class="estDynamic" href="https://www.spesati.com/shelf/flour-and-baking">Flour and baking</a>
                </li>
                <li>
                    <a class="estDynamic" href="https://www.spesati.com/shelf/milk">Milk</a>
                </li>
                <li>
                    <a class="estDynamic" href="https://www.spesati.com/shelf/oil-salt-vinegar">Oil, vinegar and salt</a>
                </li>
                <li>
                    <a class="estDynamic" href="https://www.spesati.com/shelf/cream-and-bechamel">Cream and bechamel</a>
                </li>
                <li>
                    <a class="estDynamic" href="https://www.spesati.com/shelf/crisps-and-pretzels">Crisps and pretzels</a>
                </li>
                <li>
                    <a class="estDynamic" href="https://www.spesati.com/shelf/baby-and-infants-products">Early childhood products</a>
                </li>
                <li>
                    <a class="estDynamic" href="https://www.spesati.com/shelf/rice">Rice</a>
                </li>
                <li>
                    <a class="estDynamic" href="https://www.spesati.com/shelf/tins-and-preserves">Tins and Preserves</a>
                </li>
                <li>
                    <a class="estDynamic" href="https://www.spesati.com/shelf/spices">Spices</a>
                </li>
                <li>
                    <a class="estDynamic" href="https://www.spesati.com/shelf/sauces">Sauces</a>
                </li>
                <li>
                    <a class="estDynamic" href="https://www.spesati.com/shelf/tea-and-infusions">Tea and infusions</a>
                </li>
                <li>
                    <a class="estDynamic" href="https://www.spesati.com/shelf/eggs">Eggs</a>
                </li>
                <li>
                    <a class="estDynamic" href="https://www.spesati.com/shelf/sugar-and-sweeteners">Sugar and sweeteners</a>
                </li>
            </ul>
        </li>
        <li>
            <a class="estDynamic" href="https://www.spesati.com/personal-care">
                <img src="http://cdn.spesati.com/images/menu/personal-care.png"/>
                Personal care            </a>
            <i class="fa fa-angle-right" aria-hidden="true"></i>
            <ul class="sub-menu">
                <li>
                    <a class="estDynamic" href="https://www.spesati.com/personal-care/accessories-and-cotton">Accessories and cotton</a>
                </li>
                <li>
                    <a class="estDynamic" href="https://www.spesati.com/personal-care/feminine-care-incontinence-and-baby-diapers">Feminine incontinence and diapers</a>
                </li>
                <li>
                    <a class="estDynamic" href="https://www.spesati.com/personal-care/shower-gel">Shower gel</a>
                </li>
                <li>
                    <a class="estDynamic" href="https://www.spesati.com/personal-care/creams">Creams</a>
                </li>
                <li>
                    <a class="estDynamic" href="https://www.spesati.com/personal-care/deodorant">Deodorant</a>
                </li>
                <li>
                    <a class="estDynamic" href="https://www.spesati.com/personal-care/hair-removal">Hair removal</a>
                </li>
                <li>
                    <a class="estDynamic" href="https://www.spesati.com/personal-care/disinfectants">Disinfectants</a>
                </li>
                <li>
                    <a class="estDynamic" href="https://www.spesati.com/personal-care/oral-hygiene">Oral hygiene</a>
                </li>
                <li>
                    <a class="estDynamic" href="https://www.spesati.com/personal-care/supplements-and-multivitamins">Supplements and multivitamins</a>
                </li>
                <li>
                    <a class="estDynamic" href="https://www.spesati.com/personal-care/first-aid">First aid label</a>
                </li>
                <li>
                    <a class="estDynamic" href="https://www.spesati.com/personal-care/beard-products">Beard products</a>
                </li>
                <li>
                    <a class="estDynamic" href="https://www.spesati.com/personal-care/hairs-products">Hair products</a>
                </li>
                <li>
                    <a class="estDynamic" href="https://www.spesati.com/personal-care/perfume">Perfumes</a>
                </li>
                <li>
                    <a class="estDynamic" href="https://www.spesati.com/personal-care/wipes">Wipes</a>
                </li>
                <li>
                    <a class="estDynamic" href="https://www.spesati.com/personal-care/soaps-and-body-wash">Soaps and body wash</a>
                </li>
                <li>
                    <a class="estDynamic" href="https://www.spesati.com/personal-care/shampoo-and-conditioner">Shampoo and conditioner</a>
                </li>
            </ul>
        </li>
        <li>
            <a class="estDynamic" href="https://www.spesati.com/household-and-outdoors">
                <img src="http://cdn.spesati.com/images/menu/pellet-and-home.png"/>
                Home and outdoors 
            </a>
            <i class="fa fa-angle-right" aria-hidden="true"></i>
            <ul class="sub-menu">
                <li>
                    <a class="estDynamic" href="https://www.spesati.com/household-and-outdoors/distilled-water">Distilled water</a>
                </li>
                <li>
                    <a class="estDynamic" href="https://www.spesati.com/household-and-outdoors/car-products">Cars</a>
                </li>
                <li>
                    <a class="estDynamic" href="https://www.spesati.com/household-and-outdoors/bin-bags-and-buckets">Bin bags and buckets</a>
                </li>
                <li>
                    <a class="estDynamic" href="https://www.spesati.com/household-and-outdoors/bleach-and-stain-removers">Bleach and stain removers</a>
                </li>
                <li>
                    <a class="estDynamic" href="https://www.spesati.com/household-and-outdoors/candles">Candles</a>
                </li>
                <li>
                    <a class="estDynamic" href="https://www.spesati.com/household-and-outdoors/kitchen-roll">Kitchen roll</a>
                </li>
                <li>
                    <a class="estDynamic" href="https://www.spesati.com/household-and-outdoors/air-fresheners">Air fresheners</a>
                </li>
                <li>
                    <a class="estDynamic" href="https://www.spesati.com/household-and-outdoors/laundry-accessories-and-detergent">Laundry detergent</a>
                </li>
                <li>
                    <a class="estDynamic" href="https://www.spesati.com/household-and-outdoors/dishwasher-and-washing-up">Dishwasher and washing up</a>
                </li>
                <li>
                    <a class="estDynamic" href="https://www.spesati.com/household-and-outdoors/gardening">Gardening</a>
                </li>
                <li>
                    <a class="estDynamic" href="https://www.spesati.com/household-and-outdoors/light-bulbs-and-batteries">Lightbulbs and batteries</a>
                </li>
                <li>
                    <a class="estDynamic" href="https://www.spesati.com/household-and-outdoors/pellet-and-bbq">Pellet and BBQ</a>
                </li>
                <li>
                    <a class="estDynamic" href="https://www.spesati.com/household-and-outdoors/bathroom-products">Bathroom products</a>
                </li>
                <li>
                    <a class="estDynamic" href="https://www.spesati.com/household-and-outdoors/home-and-furniture-products">Home and furniture products</a>
                </li>
                <li>
                    <a class="estDynamic" href="https://www.spesati.com/household-and-outdoors/kitchen-products">Kitchen products</a>
                </li>
                <li>
                    <a class="estDynamic" href="https://www.spesati.com/household-and-outdoors/window-and-floor-cleaners">Window and floor cleaner</a>
                </li>
                <li>
                    <a class="estDynamic" href="https://www.spesati.com/household-and-outdoors/repellents">Repellents</a>
                </li>
                <li>
                    <a class="estDynamic" href="https://www.spesati.com/household-and-outdoors/disposable-tableware">Disposable tableware</a>
                </li>
            </ul>
        </li>
        <li>
            <a class="estDynamic" href="https://www.spesati.com/pet">
                <img src="http://cdn.spesati.com/images/menu/animals.png"/>
                Pets            </a>
            <i class="fa fa-angle-right" aria-hidden="true"></i>
            <ul class="sub-menu">
                <li>
                    <a class="estDynamic" href="https://www.spesati.com/pets/pet-food-other-animals">Other animals pet food</a>
                </li>
                <li>
                    <a class="estDynamic" href="https://www.spesati.com/pets/pet-food-dogs">Pet food dogs</a>
                </li>
                <li>
                    <a class="estDynamic" href="https://www.spesati.com/pets/pet-food-cats">Pet food cats</a>
                </li>
                <li>
                    <a class="estDynamic" href="https://www.spesati.com/pets/hygiene-and-cleaning">Hygiene and cleaning</a>
                </li>
            </ul>
        </li>
        <li>
            <a class="estDynamic" href="https://www.spesati.com/technology">
                <img src="http://cdn.spesati.com/images/menu/technology.png"/>
                Technology            </a>
            <i class="fa fa-angle-right" aria-hidden="true"></i>
            <ul class="sub-menu">
                <li>
                    <a class="estDynamic" href="https://www.spesati.com/technology/accessories">Accessories</a>
                </li>
                <li>
                    <a class="estDynamic" href="https://www.spesati.com/technology/computer">Computer</a>
                </li>
                <li>
                    <a class="estDynamic" href="https://www.spesati.com/technology/telephones">Telephones</a>
                </li>
                <li>
                    <a class="estDynamic" href="https://www.spesati.com/technology/tv">TV</a>
                </li>
            </ul>
        </li>
        <li>
            <a class="estDynamic" href="https://www.spesati.com/gluten-free">
                <img src="http://cdn.spesati.com/images/menu/gluten-free.png"/>
                Gluten free            </a>
            <i class="fa fa-angle-right" aria-hidden="true"></i>
            <ul class="sub-menu">
                <li>
                    <a class="estDynamic" href="https://www.spesati.com/gluten-free/frozen-foods">Frozen foods</a>
                </li>
                <li>
                    <a class="estDynamic" href="https://www.spesati.com/gluten-free/beer">Beer</a>
                </li>
                <li>
                    <a class="estDynamic" href="https://www.spesati.com/gluten-free/sweets">Sweets</a>
                </li>
                <li>
                    <a class="estDynamic" href="https://www.spesati.com/gluten-free/bread-and-pasta">Bread and pasta</a>
                </li>
                <li>
                    <a class="estDynamic" href="https://www.spesati.com/gluten-free/shelf">Cupboard</a>
                </li>
            </ul>
        </li>
        <li>
            <a class="estDynamic" href="https://www.spesati.com/lactose-free">
                <img src="http://cdn.spesati.com/images/menu/lactose-free.png"/>
                Lactose free            </a>
            <i class="fa fa-angle-right" aria-hidden="true"></i>
            <ul class="sub-menu">
                <li>
                    <a class="estDynamic" href="https://www.spesati.com/lactose-free/frozen-foods">Frozen foods</a>
                </li>
                <li>
                    <a class="estDynamic" href="https://www.spesati.com/lactose-free/sweets">Sweets</a>
                </li>
                <li>
                    <a class="estDynamic" href="https://www.spesati.com/lactose-free/dairy-product">Dairy product</a>
                </li>
                <li>
                    <a class="estDynamic" href="https://www.spesati.com/lactose-free/shelf">Cupboard</a>
                </li>
            </ul>
        </li>
        <li>
            <a class="estDynamic" href="https://www.spesati.com/special">
                <img src="http://cdn.spesati.com/images/menu/special.png"/>
                Special            </a>
            <i class="fa fa-angle-right" aria-hidden="true"></i>
            <ul class="sub-menu">
                <li>
                    <a class="estDynamic" href="https://www.spesati.com/special/alpro">Alpro</a>
                </li>
                <li>
                    <a class="estDynamic" href="https://www.spesati.com/special/organic">Biological</a>
                </li>
                <li>
                    <a class="estDynamic" href="https://www.spesati.com/special/meat">Meat</a>
                </li>
                <li>
                    <a class="estDynamic" href="https://www.spesati.com/special/wholegrain">Wholegrain</a>
                </li>
                <li>
                    <a class="estDynamic" href="https://www.spesati.com/special/bread-and-pasta">Bread and pasta</a>
                </li>
                <li>
                    <a class="estDynamic" href="https://www.spesati.com/special/vegan">Vegan</a>
                </li>
            </ul>
        </li>
        <li>
            <a class="estDynamic" href="https://www.spesati.com/sardinian-products">
                <img src="http://cdn.spesati.com/images/menu/sardinian-products.png"/>
                Sardinian products            </a>
            <i class="fa fa-angle-right" aria-hidden="true"></i>
            <ul class="sub-menu">
                <li>
                    <a class="estDynamic" href="https://www.spesati.com/sardinian-products/drinks">Drinks</a>
                </li>
                <li>
                    <a class="estDynamic" href="https://www.spesati.com/sardinian-products/meat">Meat</a>
                </li>
                <li>
                    <a class="estDynamic" href="https://www.spesati.com/sardinian-products/sweets">Sweets</a>
                </li>
                <li>
                    <a class="estDynamic" href="https://www.spesati.com/sardinian-products/fruit-and-vegetables">Fruit and vegetables</a>
                </li>
                <li>
                    <a class="estDynamic" href="https://www.spesati.com/sardinian-products/ichnusa">Ichnusa</a>
                </li>
                <li>
                    <a class="estDynamic" href="https://www.spesati.com/sardinian-products/dairy-product">Dairy product</a>
                </li>
                <li>
                    <a class="estDynamic" href="https://www.spesati.com/sardinian-products/bread-and-pasta">Bread and pasta</a>
                </li>
                <li>
                    <a class="estDynamic" href="https://www.spesati.com/sardinian-products/fish">Fish</a>
                </li>
                <li>
                    <a class="estDynamic" href="https://www.spesati.com/sardinian-products/cured-meat">Cured meat</a>
                </li>
                <li>
                    <a class="estDynamic" href="https://www.spesati.com/sardinian-products/shelf">Cupboard</a>
                </li>
                <li>
                    <a class="estDynamic" href="https://www.spesati.com/sardinian-products/vermentino-wine">Vermentino wine</a>
                </li>
                <li>
                    <a class="estDynamic" href="https://www.spesati.com/sardinian-products/wine-beer-and-spirits">Wine beer and spirits</a>
                </li>
            </ul>
        </li>
    </ul>
</div>    <div class="colRight">
        <div class="title mobile">
	<a href="https://www.spesati.com/household-and-outdoors"><i class="fa red fa-angle-left fa-3x mobile" aria-hidden="true"></i></a>
	<h2>
		<b>
			home and furniture products		</b>
	</h2>
</div>

<div class="breadcrumb bgGrey internal">
	<p>
		<b>
			<a href="https://www.spesati.com/">Home</a>
												&gt; <a href="https://www.spesati.com/household-and-outdoors">Home and outdoors</a>
																&gt; Home and furniture products									</b>
	</p>
	<div>
		<p>Order by</p>
		<select name="orderProd" id="orderProd">
			<option disabled="disabled" selected="selected">- Choose -</option>
			<option value="nameAsc">Name (A - Z)</option>
			<option value="nameDes">Name (Z - A)</option>
			<option value="priceHigh">Price - High to low</option>
			<option value="priceLow">Price - Low to high</option>
			<option value="soldAsc">Best Selling</option>
			<option value="available">Availability</option>
		</select>
	</div>
</div>
        <div class="containerProduct">
            <script type='text/javascript'>var track = '{"event":"ViewContent", "type":"category", "id":"Casa", "subids":["Pulizia Casa","Pulizia Mobili"], "url":"https://www.spesati.com/household-and-outdoors/home-and-furniture-products"}';</script>
<script>
gtag('event', 'select_content', {content_type: 'category', item_id: 'Casa'});gtag('event', 'select_content', {content_type: 'category', item_id: 'Pulizia Casa'});gtag('event', 'select_content', {content_type: 'category', item_id: 'Pulizia Mobili'});
</script>
<div class="left product prod1"
        data-name="Amuchina Additivo Liquido"
        data-price="3.25"
        data-id="999"
        data-available="yes"
        data-category="4973"
        data-bestselling="1">
    <a href="https://www.spesati.com/amuchina-additivo-liquido">
        <div style="background-image: url('https://cdn.spesati.com/images/products/000809107/amuchina-additivo-bucato-igienizzante-con-ammorbidente-1-l-01.png')">
            <div class="hover"></div>
            <p class="arrow bgRed white">Best Seller</p>
            <div class="stickers"></div>
        </div>
    </a>
    <div>
        <h4><a href="https://www.spesati.com/amuchina-additivo-liquido"><b>Amuchina Additivo Liquido</b></a></h4>
        <p class="description">Amuchina Additivo Bucato Igienizzante con Ammorbidente 1 L</p>
        <p class="right price"><b>3.25 €</b></p>
        <p class="right unitPrice">3.25 € per litre</p>
    </div>
    <div class="contButton">
    <a class="button bgRed white addToCart" href="#">Add</a>
</div>
</div><div class="left product prod2"
        data-name="Calgon 4in1 15 Tabs 195gr"
        data-price="7.75"
        data-id="87630"
        data-available="yes"
        data-category="4973"
        data-bestselling="">
    <a href="https://www.spesati.com/calgon-4in1-15-tabs-195gr">
        <div style="background-image: url('https://cdn.spesati.com/images/products/000442971/calgon-power-tabs-4in1-anticalcare-lavatrice-15-tabs-195-gr-01.png')">
            <div class="hover"></div>
            
            <div class="stickers"></div>
        </div>
    </a>
    <div>
        <h4><a href="https://www.spesati.com/calgon-4in1-15-tabs-195gr"><b>Calgon 4in1 15 Tabs 195gr</b></a></h4>
        <p class="description">Calgon Power Tabs 4in1 Anticalcare lavatrice 15 Tabs 195 gr</p>
        <p class="right price"><b>7.75 €</b></p>
        <p class="right unitPrice">38.75 € per kg</p>
    </div>
    <div class="contButton">
    <a class="button bgRed white addToCart" href="#">Add</a>
</div>
</div><div class="left product prod3"
        data-name="Calgon Polvere 4in1 900gr"
        data-price="7.75"
        data-id="88606"
        data-available="yes"
        data-category="4973"
        data-bestselling="">
    <a href="https://www.spesati.com/calgon-polvere-4in1-900gr">
        <div style="background-image: url('https://cdn.spesati.com/images/products/000442970/calgon-original-power-polvere-4in1-anticalcare-lavatrice-900-gr-01.png')">
            <div class="hover"></div>
            
            <div class="stickers"></div>
        </div>
    </a>
    <div>
        <h4><a href="https://www.spesati.com/calgon-polvere-4in1-900gr"><b>Calgon Polvere 4in1 900gr</b></a></h4>
        <p class="description">Calgon Original Power Polvere 4in1 Anticalcare lavatrice 900 gr</p>
        <p class="right price"><b>7.75 €</b></p>
        <p class="right unitPrice">8.61 € per kg</p>
    </div>
    <div class="contButton">
    <a class="button bgRed white addToCart" href="#">Add</a>
</div>
</div><div class="left product prod4"
        data-name="Det Vetril Vetri Squeeze 65 Ml"
        data-price="3.05"
        data-id="87456"
        data-available="yes"
        data-category="4973"
        data-bestselling="1">
    <a href="https://www.spesati.com/det-vetril-vetri-squeeze-65-ml">
        <div style="background-image: url('https://cdn.spesati.com/images/products/000442699/vetril-vetri-e-specchi-650-ml-01.png')">
            <div class="hover"></div>
            <p class="arrow bgRed white">Best Seller</p>
            <div class="stickers"></div>
        </div>
    </a>
    <div>
        <h4><a href="https://www.spesati.com/det-vetril-vetri-squeeze-65-ml"><b>Det Vetril Vetri Squeeze 65 Ml</b></a></h4>
        <p class="description">Vetril Vetri e specchi 650 ml</p>
        <p class="right price"><b>3.05 €</b></p>
        <p class="right unitPrice">4.70 € per litre</p>
    </div>
    <div class="contButton">
    <a class="button bgRed white addToCart" href="#">Add</a>
</div>
</div><div class="left product prod5"
        data-name="Vetril Multis Trigg 650m"
        data-price="2.99"
        data-id="82181"
        data-available="yes"
        data-category="4973"
        data-bestselling="2">
    <a href="https://www.spesati.com/vetril-multis-trigg-650m">
        <div style="background-image: url('https://cdn.spesati.com/images/products/000442371/vetril-vetri-e-multiuso-ammoniaca-sgrassante-650-ml-01.png')">
            <div class="hover"></div>
            <p class="arrow bgRed white">Best Seller</p>
            <div class="stickers"></div>
        </div>
    </a>
    <div>
        <h4><a href="https://www.spesati.com/vetril-multis-trigg-650m"><b>Vetril Multis Trigg 650m</b></a></h4>
        <p class="description">Vetril Vetri e Multiuso Ammoniaca Sgrassante 650 ml</p>
        <p class="right price"><b>2.99 €</b></p>
        <p class="right unitPrice">4.60 € per litre</p>
    </div>
    <div class="contButton">
    <a class="button bgRed white addToCart" href="#">Add</a>
</div>
</div><div class="left product prod6"
        data-name="Viakal Fresco Profum Spr 670ml"
        data-price="4.15"
        data-id="72997"
        data-available="yes"
        data-category="4973"
        data-bestselling="1">
    <a href="https://www.spesati.com/viakal-fresco-profum-spr-670ml">
        <div style="background-image: url('https://cdn.spesati.com/images/products/000440825/viakal-detersivo-anticalcare-bagno-e-cucina-fresco-profumo-spray-470-ml-01.png')">
            <div class="hover"></div>
            <p class="arrow bgRed white">Best Seller</p>
            <div class="stickers"></div>
        </div>
    </a>
    <div>
        <h4><a href="https://www.spesati.com/viakal-fresco-profum-spr-670ml"><b>Viakal Fresco Profum Spr 670ml</b></a></h4>
        <p class="description">Viakal Detersivo Anticalcare Bagno e Cucina Fresco Profumo Spray 470 ml</p>
        <p class="right price"><b>4.15 €</b></p>
        <p class="right unitPrice">6.20 € per litre</p>
    </div>
    <div class="contButton">
    <a class="button bgRed white addToCart" href="#">Add</a>
</div>
</div><div class="left product prod7"
        data-name="Viakal Classico Spray 670ml"
        data-price="4.15"
        data-id="72994"
        data-available="yes"
        data-category="4973"
        data-bestselling="">
    <a href="https://www.spesati.com/viakal-classico-spray-670ml">
        <div style="background-image: url('https://cdn.spesati.com/images/products/000440824/viakal-detersivo-anticalcare-bagno-e-cucina-classico-spray-470-ml-01.png')">
            <div class="hover"></div>
            
            <div class="stickers"></div>
        </div>
    </a>
    <div>
        <h4><a href="https://www.spesati.com/viakal-classico-spray-670ml"><b>Viakal Classico Spray 670ml</b></a></h4>
        <p class="description">Viakal Detersivo Anticalcare Bagno e Cucina Classico Spray 470 ml</p>
        <p class="right price"><b>4.15 €</b></p>
        <p class="right unitPrice">6.20 € per litre</p>
    </div>
    <div class="contButton">
    <a class="button bgRed white addToCart" href="#">Add</a>
</div>
</div><div class="left product prod8"
        data-name="Spazzol Minerv Abit Adesiv 10m"
        data-price="2.07"
        data-id="66117"
        data-available="yes"
        data-category="4973"
        data-bestselling="">
    <a href="https://www.spesati.com/spazzol-minerv-abit-adesiv-10m">
        <div style="background-image: url('https://cdn.spesati.com/images/products/000435127/minerva-linea-lavanderia-spazzola-abiti-adesiva-10-mt-01.png')">
            <div class="hover"></div>
            
            <div class="stickers"></div>
        </div>
    </a>
    <div>
        <h4><a href="https://www.spesati.com/spazzol-minerv-abit-adesiv-10m"><b>Spazzol Minerv Abit Adesiv 10m</b></a></h4>
        <p class="description">Minerva Linea Lavanderia Spazzola abiti adesiva 10 mt</p>
        <p class="right price"><b>2.07 €</b></p>
        <p class="right unitPrice">2.07 € per piece</p>
    </div>
    <div class="contButton">
    <a class="button bgRed white addToCart" href="#">Add</a>
</div>
</div><div class="left product prod9"
        data-name="Lysoform Igienizz Tessut 200ml"
        data-price="3.99"
        data-id="59832"
        data-available="yes"
        data-category="4973"
        data-bestselling="">
    <a href="https://www.spesati.com/lysoform-igienizz-tessut-200ml">
        <div style="background-image: url('https://cdn.spesati.com/images/products/000434187/lysoform-on-the-go-igienizzante-multisuperfici-75-ml-01.png')">
            <div class="hover"></div>
            
            <div class="stickers"></div>
        </div>
    </a>
    <div>
        <h4><a href="https://www.spesati.com/lysoform-igienizz-tessut-200ml"><b>Lysoform Igienizz Tessut 200ml</b></a></h4>
        <p class="description">Lysoform On the Go Igienizzante multisuperfici 75 ml</p>
        <p class="right price"><b>3.99 €</b></p>
        <p class="right unitPrice">19.95 € per litre</p>
    </div>
    <div class="contButton">
    <a class="button bgRed white addToCart" href="#">Add</a>
</div>
</div><div class="left product prod10"
        data-name="Chanteclair Anticalc Univ 625m"
        data-price="3.09"
        data-id="81753"
        data-available="yes"
        data-category="4973"
        data-bestselling="1">
    <a href="https://www.spesati.com/chanteclair-anticalc-univ-625m">
        <div style="background-image: url('https://cdn.spesati.com/images/products/000314009/chanteclair-forza-igiene-anticalcare-universale-antigoccia-625-ml-01.png')">
            <div class="hover"></div>
            <p class="arrow bgRed white">Best Seller</p>
            <div class="stickers"></div>
        </div>
    </a>
    <div>
        <h4><a href="https://www.spesati.com/chanteclair-anticalc-univ-625m"><b>Chanteclair Anticalc Univ 625m</b></a></h4>
        <p class="description">Chanteclair Forza & Igiene Anticalcare universale Antigoccia 625 ml</p>
        <p class="right price"><b>3.09 €</b></p>
        <p class="right unitPrice">4.90 € per litre</p>
    </div>
    <div class="contButton">
    <a class="button bgRed white addToCart" href="#">Add</a>
</div>
</div><div class="left product prod11"
        data-name="Manico Verniciati Faggio"
        data-price="1.59"
        data-id="1016"
        data-available="yes"
        data-category="4973"
        data-bestselling="">
    <a href="https://www.spesati.com/manico-verniciati-faggio">
        <div style="background-image: url('https://cdn.spesati.com/images/products/000307540/arcasa-manico-legno-con-cappuccio-130-cm-01.png')">
            <div class="hover"></div>
            
            <div class="stickers"></div>
        </div>
    </a>
    <div>
        <h4><a href="https://www.spesati.com/manico-verniciati-faggio"><b>Manico Verniciati Faggio</b></a></h4>
        <p class="description">arcasa Manico Legno con Cappuccio 130 cm</p>
        <p class="right price"><b>1.59 €</b></p>
        <p class="right unitPrice">1.59 € per piece</p>
    </div>
    <div class="contButton">
    <a class="button bgRed white addToCart" href="#">Add</a>
</div>
</div><div class="left product prod12"
        data-name="Panno Vileda Lavasciuga 3Pz"
        data-price="2.55"
        data-id="4516"
        data-available="yes"
        data-category="4973"
        data-bestselling="">
    <a href="https://www.spesati.com/panno-vileda-lavasciuga-3pz">
        <div style="background-image: url('https://cdn.spesati.com/images/products/000307362/vileda-lavasciuga-panni-multiuso-per-piatti-e-stoviglie-con-50-in-microfibra-3x-34x34-cm-01.png')">
            <div class="hover"></div>
            
            <div class="stickers"></div>
        </div>
    </a>
    <div>
        <h4><a href="https://www.spesati.com/panno-vileda-lavasciuga-3pz"><b>Panno Vileda Lavasciuga 3Pz</b></a></h4>
        <p class="description">Vileda Lavasciuga - panni multiuso per piatti e stoviglie, con 50% in microfibra, 3x 34x34 cm</p>
        <p class="right price"><b>2.55 €</b></p>
        <p class="right unitPrice">2.55 € per piece</p>
    </div>
    <div class="contButton">
    <a class="button bgRed white addToCart" href="#">Add</a>
</div>
</div><div class="left product prod13"
        data-name="Vim Panno Ballerina X3"
        data-price="1.49"
        data-id="4574"
        data-available="yes"
        data-category="4973"
        data-bestselling="">
    <a href="https://www.spesati.com/vim-panno-ballerina-x3">
        <div style="background-image: url('https://cdn.spesati.com/images/products/000307206/ballerina-panno-3-pz-01.png')">
            <div class="hover"></div>
            
            <div class="stickers"></div>
        </div>
    </a>
    <div>
        <h4><a href="https://www.spesati.com/vim-panno-ballerina-x3"><b>Vim Panno Ballerina X3</b></a></h4>
        <p class="description">Ballerina Panno 3 pz</p>
        <p class="right price"><b>1.49 €</b></p>
        <p class="right unitPrice">1.49 € per piece</p>
    </div>
    <div class="contButton">
    <a class="button bgRed white addToCart" href="#">Add</a>
</div>
</div><div class="left product prod14"
        data-name="Panno Giallo Vileda Multiuso 3pz"
        data-price="1.79"
        data-id="5405"
        data-available="yes"
        data-category="4973"
        data-bestselling="">
    <a href="https://www.spesati.com/panno-giallo-vileda-multiuso-3pz">
        <div style="background-image: url('https://cdn.spesati.com/images/products/000307145/vileda-pannogiallo-panno-multiuso-con-antibatterico-ultra-fresh-per-pulire-e-spolverare-3x34x34cm-01.png')">
            <div class="hover"></div>
            
            <div class="stickers"></div>
        </div>
    </a>
    <div>
        <h4><a href="https://www.spesati.com/panno-giallo-vileda-multiuso-3pz"><b>Panno Giallo Vileda Multiuso 3pz</b></a></h4>
        <p class="description">Vileda Pannogiallo, panno multiuso con antibatterico Ultra Fresh per pulire e spolverare. 3x34x34cm</p>
        <p class="right price"><b>1.79 €</b></p>
        <p class="right unitPrice">1.79 € per piece</p>
    </div>
    <div class="contButton">
    <a class="button bgRed white addToCart" href="#">Add</a>
</div>
</div><div class="left product prod15"
        data-name="Panno Arix Pavimenti Strofi'"
        data-price="2.69"
        data-id="5568"
        data-available="yes"
        data-category="4973"
        data-bestselling="">
    <a href="https://www.spesati.com/panno-arix-pavimenti-strofi">
        <div style="background-image: url('https://cdn.spesati.com/images/products/000307129/arix-strofi-panno-pavimenti-01.png')">
            <div class="hover"></div>
            
            <div class="stickers"></div>
        </div>
    </a>
    <div>
        <h4><a href="https://www.spesati.com/panno-arix-pavimenti-strofi"><b>Panno Arix Pavimenti Strofi'</b></a></h4>
        <p class="description">arix Strofì Panno Pavimenti</p>
        <p class="right price"><b>2.69 €</b></p>
        <p class="right unitPrice">2.70 € per piece</p>
    </div>
    <div class="contButton">
    <a class="button bgRed white addToCart" href="#">Add</a>
</div>
</div><div class="left product prod16"
        data-name="Pronto Liq Restauratore 100ml"
        data-price="5.89"
        data-id="30214"
        data-available="yes"
        data-category="5825"
        data-bestselling="">
    <a href="https://www.spesati.com/pronto-liq-restauratore-100ml">
        <div style="background-image: url('https://cdn.spesati.com/images/products/000306664/pronto-olio-restauratore-colorazione-scura-100-ml-01.png')">
            <div class="hover"></div>
            
            <div class="stickers"></div>
        </div>
    </a>
    <div>
        <h4><a href="https://www.spesati.com/pronto-liq-restauratore-100ml"><b>Pronto Liq Restauratore 100ml</b></a></h4>
        <p class="description">Pronto Olio Restauratore, colorazione scura, 100 ml</p>
        <p class="right price"><b>5.89 €</b></p>
        <p class="right unitPrice">58.90 € per litre</p>
    </div>
    <div class="contButton">
    <a class="button bgRed white addToCart" href="#">Add</a>
</div>
</div><div class="left product prod17"
        data-name="Pronto Classic Spray 300ml"
        data-price="5.35"
        data-id="30211"
        data-available="yes"
        data-category="5825"
        data-bestselling="">
    <a href="https://www.spesati.com/pronto-classic-spray-300ml">
        <div style="background-image: url('https://cdn.spesati.com/images/products/000306655/pronto-spray-legno-classic-300ml-01.png')">
            <div class="hover"></div>
            
            <div class="stickers"></div>
        </div>
    </a>
    <div>
        <h4><a href="https://www.spesati.com/pronto-classic-spray-300ml"><b>Pronto Classic Spray 300ml</b></a></h4>
        <p class="description">Pronto Spray Legno Classic 300ml</p>
        <p class="right price"><b>5.35 €</b></p>
        <p class="right unitPrice">17.84 € per litre</p>
    </div>
    <div class="contButton">
    <a class="button bgRed white addToCart" href="#">Add</a>
</div>
</div><div class="left product prod18"
        data-name="Napisan Igienizzante Spray 750Ml"
        data-price="3.15"
        data-id="7158"
        data-available="yes"
        data-category="4973"
        data-bestselling="">
    <a href="https://www.spesati.com/napisan-igienizzante-spray-750ml">
        <div style="background-image: url('https://cdn.spesati.com/images/products/000301959/napisan-spray-classico-disinfettante-750-ml-01.png')">
            <div class="hover"></div>
            
            <div class="stickers"></div>
        </div>
    </a>
    <div>
        <h4><a href="https://www.spesati.com/napisan-igienizzante-spray-750ml"><b>Napisan Igienizzante Spray 750Ml</b></a></h4>
        <p class="description">Napisan Spray Classico Disinfettante 750 ml</p>
        <p class="right price"><b>3.15 €</b></p>
        <p class="right unitPrice">4.20 € per litre</p>
    </div>
    <div class="contButton">
    <a class="button bgRed white addToCart" href="#">Add</a>
</div>
</div><div class="left product prod19"
        data-name="Chanteclair Sgrass Marsigl 5lt"
        data-price="21.14"
        data-id="29406"
        data-available="yes"
        data-category="4973"
        data-bestselling="">
    <a href="https://www.spesati.com/chanteclair-sgrass-marsigl-5lt">
        <div style="background-image: url('https://cdn.spesati.com/images/products/000301745/chanteclair-sgrassatore-universale-profumo-di-marsiglia-tanica-5-l-01.png')">
            <div class="hover"></div>
            
            <div class="stickers"></div>
        </div>
    </a>
    <div>
        <h4><a href="https://www.spesati.com/chanteclair-sgrass-marsigl-5lt"><b>Chanteclair Sgrass Marsigl 5lt</b></a></h4>
        <p class="description">Chanteclair Sgrassatore Universale Profumo di Marsiglia Tanica 5 l</p>
        <p class="right price"><b>21.14 €</b></p>
        <p class="right unitPrice">4.23 € per litre</p>
    </div>
    <div class="contButton">
    <a class="button bgRed white addToCart" href="#">Add</a>
</div>
</div><div class="left product prod20"
        data-name="Glassex Multi Uso Erogatore Normale Ml 500."
        data-price="2.85"
        data-id="5558"
        data-available="yes"
        data-category="4973"
        data-bestselling="">
    <a href="https://www.spesati.com/glassex-multi-uso-erogatore-normale-ml-500">
        <div style="background-image: url('https://cdn.spesati.com/images/products/000301101/glassex-spray-ammoniaca-500-ml-01.png')">
            <div class="hover"></div>
            
            <div class="stickers"></div>
        </div>
    </a>
    <div>
        <h4><a href="https://www.spesati.com/glassex-multi-uso-erogatore-normale-ml-500"><b>Glassex Multi Uso Erogatore Normale Ml 500.</b></a></h4>
        <p class="description">Glassex Spray Ammoniaca 500 ml</p>
        <p class="right price"><b>2.85 €</b></p>
        <p class="right unitPrice">5.70 € per litre</p>
    </div>
    <div class="contButton">
    <a class="button bgRed white addToCart" href="#">Add</a>
</div>
</div><div class="left product prod21"
        data-name="Cif Crema Normale Bianco"
        data-price="2.99"
        data-id="1010"
        data-available="yes"
        data-category="4973"
        data-bestselling="">
    <a href="https://www.spesati.com/cif-crema-normale-bianco">
        <div style="background-image: url('https://cdn.spesati.com/images/products/000301055/cif-crema-con-candeggina-500-ml-01.png')">
            <div class="hover"></div>
            
            <div class="stickers"></div>
        </div>
    </a>
    <div>
        <h4><a href="https://www.spesati.com/cif-crema-normale-bianco"><b>Cif Crema Normale Bianco</b></a></h4>
        <p class="description">Cif Crema con Candeggina 500 ml</p>
        <p class="right price"><b>2.99 €</b></p>
        <p class="right unitPrice">5.98 € per litre</p>
    </div>
    <div class="contButton">
    <a class="button bgRed white addToCart" href="#">Add</a>
</div>
</div><div class="left product prod22"
        data-name="Superandy Blu 5kg"
        data-price="20.34"
        data-id="29356"
        data-available="yes"
        data-category="4973"
        data-bestselling="">
    <a href="https://www.spesati.com/superandy-blu-5kg">
        <div style="background-image: url('https://cdn.spesati.com/images/products/missing-image/missing-image.jpg')">
            <div class="hover"></div>
            
            <div class="stickers"></div>
        </div>
    </a>
    <div>
        <h4><a href="https://www.spesati.com/superandy-blu-5kg"><b>Superandy Blu 5kg</b></a></h4>
        <p class="description">5 Kg</p>
        <p class="right price"><b>20.34 €</b></p>
        <p class="right unitPrice">4.06 € per kg</p>
    </div>
    <div class="contButton">
    <a class="button bgRed white addToCart" href="#">Add</a>
</div>
</div><div class="left product prod23"
        data-name="Matik Grill 5lt"
        data-price="17.96"
        data-id="29480"
        data-available="yes"
        data-category="4973"
        data-bestselling="">
    <a href="https://www.spesati.com/matik-grill-5lt">
        <div style="background-image: url('https://cdn.spesati.com/images/products/missing-image/missing-image.jpg')">
            <div class="hover"></div>
            
            <div class="stickers"></div>
        </div>
    </a>
    <div>
        <h4><a href="https://www.spesati.com/matik-grill-5lt"><b>Matik Grill 5lt</b></a></h4>
        <p class="description">5 Kg</p>
        <p class="right price"><b>17.96 €</b></p>
        <p class="right unitPrice">3.59 € per kg</p>
    </div>
    <div class="contButton">
    <a class="button bgRed white addToCart" href="#">Add</a>
</div>
</div><div class="left product prod24"
        data-name="Taniche 5 Lt Polietilene"
        data-price="4.17"
        data-id="30114"
        data-available="yes"
        data-category="4973"
        data-bestselling="">
    <a href="https://www.spesati.com/taniche-5-lt-polietilene">
        <div style="background-image: url('https://cdn.spesati.com/images/products/missing-image/missing-image.jpg')">
            <div class="hover"></div>
            
            <div class="stickers"></div>
        </div>
    </a>
    <div>
        <h4><a href="https://www.spesati.com/taniche-5-lt-polietilene"><b>Taniche 5 Lt Polietilene</b></a></h4>
        <p class="description">1 piece</p>
        <p class="right price"><b>4.17 €</b></p>
        <p class="right unitPrice">4.17 € per piece</p>
    </div>
    <div class="contButton">
    <a class="button bgRed white addToCart" href="#">Add</a>
</div>
</div><div class="left product prod25"
        data-name="Taniche 10 Lt Polietilene"
        data-price="6.95"
        data-id="30118"
        data-available="yes"
        data-category="4973"
        data-bestselling="">
    <a href="https://www.spesati.com/taniche-10-lt-polietilene">
        <div style="background-image: url('https://cdn.spesati.com/images/products/missing-image/missing-image.jpg')">
            <div class="hover"></div>
            
            <div class="stickers"></div>
        </div>
    </a>
    <div>
        <h4><a href="https://www.spesati.com/taniche-10-lt-polietilene"><b>Taniche 10 Lt Polietilene</b></a></h4>
        <p class="description">1 piece</p>
        <p class="right price"><b>6.95 €</b></p>
        <p class="right unitPrice">6.95 € per piece</p>
    </div>
    <div class="contButton">
    <a class="button bgRed white addToCart" href="#">Add</a>
</div>
</div><div class="left product prod26"
        data-name="Taniche 15 Lt Polietilene"
        data-price="8.22"
        data-id="30120"
        data-available="yes"
        data-category="4973"
        data-bestselling="">
    <a href="https://www.spesati.com/taniche-15-lt-polietilene">
        <div style="background-image: url('https://cdn.spesati.com/images/products/missing-image/missing-image.jpg')">
            <div class="hover"></div>
            
            <div class="stickers"></div>
        </div>
    </a>
    <div>
        <h4><a href="https://www.spesati.com/taniche-15-lt-polietilene"><b>Taniche 15 Lt Polietilene</b></a></h4>
        <p class="description">1 piece</p>
        <p class="right price"><b>8.22 €</b></p>
        <p class="right unitPrice">8.22 € per piece</p>
    </div>
    <div class="contButton">
    <a class="button bgRed white addToCart" href="#">Add</a>
</div>
</div><div class="left product prod27"
        data-name="Taniche 20 Lt Polietilene"
        data-price="10.00"
        data-id="30121"
        data-available="yes"
        data-category="4973"
        data-bestselling="">
    <a href="https://www.spesati.com/taniche-20-lt-polietilene">
        <div style="background-image: url('https://cdn.spesati.com/images/products/missing-image/missing-image.jpg')">
            <div class="hover"></div>
            
            <div class="stickers"></div>
        </div>
    </a>
    <div>
        <h4><a href="https://www.spesati.com/taniche-20-lt-polietilene"><b>Taniche 20 Lt Polietilene</b></a></h4>
        <p class="description">1 piece</p>
        <p class="right price"><b>10.00 €</b></p>
        <p class="right unitPrice">10.00 € per piece</p>
    </div>
    <div class="contButton">
    <a class="button bgRed white addToCart" href="#">Add</a>
</div>
</div><div class="left product prod28"
        data-name="Taniche 25 Lt Polietilene"
        data-price="15.48"
        data-id="30122"
        data-available="yes"
        data-category="4973"
        data-bestselling="">
    <a href="https://www.spesati.com/taniche-25-lt-polietilene">
        <div style="background-image: url('https://cdn.spesati.com/images/products/missing-image/missing-image.jpg')">
            <div class="hover"></div>
            
            <div class="stickers"></div>
        </div>
    </a>
    <div>
        <h4><a href="https://www.spesati.com/taniche-25-lt-polietilene"><b>Taniche 25 Lt Polietilene</b></a></h4>
        <p class="description">1 piece</p>
        <p class="right price"><b>15.48 €</b></p>
        <p class="right unitPrice">15.48 € per piece</p>
    </div>
    <div class="contButton">
    <a class="button bgRed white addToCart" href="#">Add</a>
</div>
</div><div class="left product prod29"
        data-name="Sgrassatore Igenz Likor 750 Ml"
        data-price="4.01"
        data-id="30765"
        data-available="yes"
        data-category="4973"
        data-bestselling="">
    <a href="https://www.spesati.com/sgrassatore-igenz-likor-750-ml">
        <div style="background-image: url('https://cdn.spesati.com/images/products/missing-image/missing-image.jpg')">
            <div class="hover"></div>
            
            <div class="stickers"></div>
        </div>
    </a>
    <div>
        <h4><a href="https://www.spesati.com/sgrassatore-igenz-likor-750-ml"><b>Sgrassatore Igenz Likor 750 Ml</b></a></h4>
        <p class="description">0.75 Lt</p>
        <p class="right price"><b>4.01 €</b></p>
        <p class="right unitPrice">5.36 € per litre</p>
    </div>
    <div class="contButton">
    <a class="button bgRed white addToCart" href="#">Add</a>
</div>
</div><div class="left product prod30"
        data-name="De Kal Matic Sanitec Haccp 6kg"
        data-price="34.20"
        data-id="30774"
        data-available="yes"
        data-category="4973"
        data-bestselling="">
    <a href="https://www.spesati.com/de-kal-matic-sanitec-haccp-6kg">
        <div style="background-image: url('https://cdn.spesati.com/images/products/missing-image/missing-image.jpg')">
            <div class="hover"></div>
            
            <div class="stickers"></div>
        </div>
    </a>
    <div>
        <h4><a href="https://www.spesati.com/de-kal-matic-sanitec-haccp-6kg"><b>De Kal Matic Sanitec Haccp 6kg</b></a></h4>
        <p class="description">6 Kg</p>
        <p class="right price"><b>34.20 €</b></p>
        <p class="right unitPrice">5.70 € per kg</p>
    </div>
    <div class="contButton">
    <a class="button bgRed white addToCart" href="#">Add</a>
</div>
</div><div class="left product prod31"
        data-name="Det Sanit Mult Disin Haccp 750"
        data-price="3.99"
        data-id="30775"
        data-available="yes"
        data-category="4973"
        data-bestselling="">
    <a href="https://www.spesati.com/det-sanit-mult-disin-haccp-750">
        <div style="background-image: url('https://cdn.spesati.com/images/products/missing-image/missing-image.jpg')">
            <div class="hover"></div>
            
            <div class="stickers"></div>
        </div>
    </a>
    <div>
        <h4><a href="https://www.spesati.com/det-sanit-mult-disin-haccp-750"><b>Det Sanit Mult Disin Haccp 750</b></a></h4>
        <p class="description">0.75 Lt</p>
        <p class="right price"><b>3.99 €</b></p>
        <p class="right unitPrice">5.32 € per litre</p>
    </div>
    <div class="contButton">
    <a class="button bgRed white addToCart" href="#">Add</a>
</div>
</div><div class="left product prod32"
        data-name="Bacinella Ovale Cm 65 Azzurra"
        data-price="16.90"
        data-id="32640"
        data-available="yes"
        data-category="4973"
        data-bestselling="">
    <a href="https://www.spesati.com/bacinella-ovale-cm-65-azzurra">
        <div style="background-image: url('https://cdn.spesati.com/images/products/missing-image/missing-image.jpg')">
            <div class="hover"></div>
            
            <div class="stickers"></div>
        </div>
    </a>
    <div>
        <h4><a href="https://www.spesati.com/bacinella-ovale-cm-65-azzurra"><b>Bacinella Ovale Cm 65 Azzurra</b></a></h4>
        <p class="description">1 piece</p>
        <p class="right price"><b>16.90 €</b></p>
        <p class="right unitPrice">16.90 € per piece</p>
    </div>
    <div class="contButton">
    <a class="button bgRed white addToCart" href="#">Add</a>
</div>
</div><div class="left product prod33"
        data-name="Bacinella Ovale Cm 80 Azzurra"
        data-price="31.49"
        data-id="32641"
        data-available="yes"
        data-category="4973"
        data-bestselling="">
    <a href="https://www.spesati.com/bacinella-ovale-cm-80-azzurra">
        <div style="background-image: url('https://cdn.spesati.com/images/products/missing-image/missing-image.jpg')">
            <div class="hover"></div>
            
            <div class="stickers"></div>
        </div>
    </a>
    <div>
        <h4><a href="https://www.spesati.com/bacinella-ovale-cm-80-azzurra"><b>Bacinella Ovale Cm 80 Azzurra</b></a></h4>
        <p class="description">1 piece</p>
        <p class="right price"><b>31.49 €</b></p>
        <p class="right unitPrice">31.49 € per piece</p>
    </div>
    <div class="contButton">
    <a class="button bgRed white addToCart" href="#">Add</a>
</div>
</div><div class="left product prod34"
        data-name="Bacinella Tonda Lt 8 Blu Diam"
        data-price="4.00"
        data-id="32642"
        data-available="yes"
        data-category="4973"
        data-bestselling="">
    <a href="https://www.spesati.com/bacinella-tonda-lt-8-blu-diam">
        <div style="background-image: url('https://cdn.spesati.com/images/products/missing-image/missing-image.jpg')">
            <div class="hover"></div>
            
            <div class="stickers"></div>
        </div>
    </a>
    <div>
        <h4><a href="https://www.spesati.com/bacinella-tonda-lt-8-blu-diam"><b>Bacinella Tonda Lt 8 Blu Diam</b></a></h4>
        <p class="description">1 piece</p>
        <p class="right price"><b>4.00 €</b></p>
        <p class="right unitPrice">4.00 € per piece</p>
    </div>
    <div class="contButton">
    <a class="button bgRed white addToCart" href="#">Add</a>
</div>
</div><div class="left product prod35"
        data-name="Chanteclair Sgrass Bicarb 600m"
        data-price="3.45"
        data-id="89075"
        data-available="yes"
        data-category="4973"
        data-bestselling="">
    <a href="https://www.spesati.com/chanteclair-sgrass-bicarb-600m">
        <div style="background-image: url('https://cdn.spesati.com/images/products/missing-image/missing-image.jpg')">
            <div class="hover"></div>
            
            <div class="stickers"></div>
        </div>
    </a>
    <div>
        <h4><a href="https://www.spesati.com/chanteclair-sgrass-bicarb-600m"><b>Chanteclair Sgrass Bicarb 600m</b></a></h4>
        <p class="description">0.6 Lt</p>
        <p class="right price"><b>3.45 €</b></p>
        <p class="right unitPrice">5.75 € per litre</p>
    </div>
    <div class="contButton">
    <a class="button bgRed white addToCart" href="#">Add</a>
</div>
</div><div class="left product prod36"
        data-name="Chanteclair Sgrass Limon 600ml"
        data-price="3.45"
        data-id="89078"
        data-available="yes"
        data-category="4973"
        data-bestselling="">
    <a href="https://www.spesati.com/chanteclair-sgrass-limon-600ml">
        <div style="background-image: url('https://cdn.spesati.com/images/products/missing-image/missing-image.jpg')">
            <div class="hover"></div>
            
            <div class="stickers"></div>
        </div>
    </a>
    <div>
        <h4><a href="https://www.spesati.com/chanteclair-sgrass-limon-600ml"><b>Chanteclair Sgrass Limon 600ml</b></a></h4>
        <p class="description">0.6 Lt</p>
        <p class="right price"><b>3.45 €</b></p>
        <p class="right unitPrice">5.75 € per litre</p>
    </div>
    <div class="contButton">
    <a class="button bgRed white addToCart" href="#">Add</a>
</div>
</div><div class="left product prod37"
        data-name="Lysoform Salviet Igien Lim 30p"
        data-price="3.00"
        data-id="64713"
        data-available="no"
        data-category="4973"
        data-bestselling="">
    <a href="https://www.spesati.com/lysoform-salviet-igien-lim-30p">
        <div style="background-image: url('https://cdn.spesati.com/images/products/000434902/lysoform-salviette-detergenti-igienizzanti-limone-30-pz-01.png')">
            <div class="hover"></div>
            
            <div class="stickers"></div>
        </div>
    </a>
    <div>
        <h4><a href="https://www.spesati.com/lysoform-salviet-igien-lim-30p"><b>Lysoform Salviet Igien Lim 30p</b></a></h4>
        <p class="description">Lysoform Salviette Detergenti Igienizzanti Limone 30 pz</p>
        <p class="right price"><b>3.00 €</b></p>
        <p class="right unitPrice">3.00 € per piece</p>
    </div>
    <div class="notAvailable">
    <a class="button bgDarkGrey white" href="https://www.spesati.com/lysoform-salviet-igien-lim-30p">Not available</a>
</div>
</div><div class="left product prod38"
        data-name="Panno Vileda Microfibra Style 4Pz"
        data-price="4.69"
        data-id="5435"
        data-available="no"
        data-category="4973"
        data-bestselling="">
    <a href="https://www.spesati.com/panno-vileda-microfibra-style-4pz">
        <div style="background-image: url('https://cdn.spesati.com/images/products/000307353/vileda-microfibre-colors-xl-cm-36x34-4pz-01.png')">
            <div class="hover"></div>
            
            <div class="stickers"></div>
        </div>
    </a>
    <div>
        <h4><a href="https://www.spesati.com/panno-vileda-microfibra-style-4pz"><b>Panno Vileda Microfibra Style 4Pz</b></a></h4>
        <p class="description">Vileda Microfibre Colors XL cm 36x34 4pz</p>
        <p class="right price"><b>4.69 €</b></p>
        <p class="right unitPrice">4.68 € per piece</p>
    </div>
    <div class="notAvailable">
    <a class="button bgDarkGrey white" href="https://www.spesati.com/panno-vileda-microfibra-style-4pz">Not available</a>
</div>
</div><div class="left product prod39"
        data-name="Spazzola Abiti Velluto D Face"
        data-price="3.17"
        data-id="30318"
        data-available="no"
        data-category="4973"
        data-bestselling="">
    <a href="https://www.spesati.com/spazzola-abiti-velluto-d-face">
        <div style="background-image: url('https://cdn.spesati.com/images/products/000307077/minerva-polly-spazzola-abiti-double-face-01.png')">
            <div class="hover"></div>
            
            <div class="stickers"></div>
        </div>
    </a>
    <div>
        <h4><a href="https://www.spesati.com/spazzola-abiti-velluto-d-face"><b>Spazzola Abiti Velluto D Face</b></a></h4>
        <p class="description">Minerva Polly Spazzola abiti double-face</p>
        <p class="right price"><b>3.17 €</b></p>
        <p class="right unitPrice">3.17 € per piece</p>
    </div>
    <div class="notAvailable">
    <a class="button bgDarkGrey white" href="https://www.spesati.com/spazzola-abiti-velluto-d-face">Not available</a>
</div>
</div><div class="left product prod40"
        data-name="Masnata Acido Muriatico"
        data-price="1.29"
        data-id="1017"
        data-available="no"
        data-category="4973"
        data-bestselling="">
    <a href="https://www.spesati.com/masnata-acido-muriatico">
        <div style="background-image: url('https://cdn.spesati.com/images/products/000305005/masnata-acido-muriatico-1000-ml-01.png')">
            <div class="hover"></div>
            
            <div class="stickers"></div>
        </div>
    </a>
    <div>
        <h4><a href="https://www.spesati.com/masnata-acido-muriatico"><b>Masnata Acido Muriatico</b></a></h4>
        <p class="description">Masnata Acido Muriatico 1000 ml</p>
        <p class="right price"><b>1.29 €</b></p>
        <p class="right unitPrice">1.29 € per litre</p>
    </div>
    <div class="notAvailable">
    <a class="button bgDarkGrey white" href="https://www.spesati.com/masnata-acido-muriatico">Not available</a>
</div>
</div><div class="left product prod41"
        data-name="Bref Brillante Sgrassatore"
        data-price="3.30"
        data-id="1002"
        data-available="no"
        data-category="4973"
        data-bestselling="">
    <a href="https://www.spesati.com/bref-brillante-sgrassatore">
        <div style="background-image: url('https://cdn.spesati.com/images/products/000301941/bref-brillante-trigger-sgrassatore-750ml-01.png')">
            <div class="hover"></div>
            
            <div class="stickers"></div>
        </div>
    </a>
    <div>
        <h4><a href="https://www.spesati.com/bref-brillante-sgrassatore"><b>Bref Brillante Sgrassatore</b></a></h4>
        <p class="description">BREF Brillante Trigger Sgrassatore 750ml</p>
        <p class="right price"><b>3.30 €</b></p>
        <p class="right unitPrice">4.39 € per litre</p>
    </div>
    <div class="notAvailable">
    <a class="button bgDarkGrey white" href="https://www.spesati.com/bref-brillante-sgrassatore">Not available</a>
</div>
</div><div class="left product prod42"
        data-name="Lysoform Sgrassante Spray"
        data-price="3.99"
        data-id="1015"
        data-available="no"
        data-category="4973"
        data-bestselling="">
    <a href="https://www.spesati.com/lysoform-sgrassante-spray">
        <div style="background-image: url('https://cdn.spesati.com/images/products/000300989/lysoform-sgrassatore-disinfettante-750-ml-01.png')">
            <div class="hover"></div>
            
            <div class="stickers"></div>
        </div>
    </a>
    <div>
        <h4><a href="https://www.spesati.com/lysoform-sgrassante-spray"><b>Lysoform Sgrassante Spray</b></a></h4>
        <p class="description">Lysoform Sgrassatore Disinfettante 750 ml</p>
        <p class="right price"><b>3.99 €</b></p>
        <p class="right unitPrice">5.32 € per litre</p>
    </div>
    <div class="notAvailable">
    <a class="button bgDarkGrey white" href="https://www.spesati.com/lysoform-sgrassante-spray">Not available</a>
</div>
</div><div class="left product prod43"
        data-name="Bacinelle Tonde Cm.35 5754"
        data-price="2.71"
        data-id="30093"
        data-available="no"
        data-category="4973"
        data-bestselling="">
    <a href="https://www.spesati.com/bacinelle-tonde-cm35-5754">
        <div style="background-image: url('https://cdn.spesati.com/images/products/missing-image/missing-image.jpg')">
            <div class="hover"></div>
            
            <div class="stickers"></div>
        </div>
    </a>
    <div>
        <h4><a href="https://www.spesati.com/bacinelle-tonde-cm35-5754"><b>Bacinelle Tonde Cm.35 5754</b></a></h4>
        <p class="description">1 piece</p>
        <p class="right price"><b>2.71 €</b></p>
        <p class="right unitPrice">2.71 € per piece</p>
    </div>
    <div class="notAvailable">
    <a class="button bgDarkGrey white" href="https://www.spesati.com/bacinelle-tonde-cm35-5754">Not available</a>
</div>
</div><div class="left product prod44"
        data-name="Bacinelle Tonde Cm.45 5758"
        data-price="5.81"
        data-id="30094"
        data-available="no"
        data-category="4973"
        data-bestselling="">
    <a href="https://www.spesati.com/bacinelle-tonde-cm45-5758">
        <div style="background-image: url('https://cdn.spesati.com/images/products/missing-image/missing-image.jpg')">
            <div class="hover"></div>
            
            <div class="stickers"></div>
        </div>
    </a>
    <div>
        <h4><a href="https://www.spesati.com/bacinelle-tonde-cm45-5758"><b>Bacinelle Tonde Cm.45 5758</b></a></h4>
        <p class="description">1 piece</p>
        <p class="right price"><b>5.81 €</b></p>
        <p class="right unitPrice">5.81 € per piece</p>
    </div>
    <div class="notAvailable">
    <a class="button bgDarkGrey white" href="https://www.spesati.com/bacinelle-tonde-cm45-5758">Not available</a>
</div>
</div><div class="left product prod45"
        data-name="Bacinelle Ovali Cm.60 Rama 392"
        data-price="10.17"
        data-id="30095"
        data-available="no"
        data-category="4973"
        data-bestselling="">
    <a href="https://www.spesati.com/bacinelle-ovali-cm60-rama-392">
        <div style="background-image: url('https://cdn.spesati.com/images/products/missing-image/missing-image.jpg')">
            <div class="hover"></div>
            
            <div class="stickers"></div>
        </div>
    </a>
    <div>
        <h4><a href="https://www.spesati.com/bacinelle-ovali-cm60-rama-392"><b>Bacinelle Ovali Cm.60 Rama 392</b></a></h4>
        <p class="description">1 piece</p>
        <p class="right price"><b>10.17 €</b></p>
        <p class="right unitPrice">10.16 € per piece</p>
    </div>
    <div class="notAvailable">
    <a class="button bgDarkGrey white" href="https://www.spesati.com/bacinelle-ovali-cm60-rama-392">Not available</a>
</div>
</div><div class="left product prod46"
        data-name="Bacinelle Ovali Cm.65 Rama 393"
        data-price="11.49"
        data-id="30096"
        data-available="no"
        data-category="4973"
        data-bestselling="">
    <a href="https://www.spesati.com/bacinelle-ovali-cm65-rama-393">
        <div style="background-image: url('https://cdn.spesati.com/images/products/missing-image/missing-image.jpg')">
            <div class="hover"></div>
            
            <div class="stickers"></div>
        </div>
    </a>
    <div>
        <h4><a href="https://www.spesati.com/bacinelle-ovali-cm65-rama-393"><b>Bacinelle Ovali Cm.65 Rama 393</b></a></h4>
        <p class="description">1 piece</p>
        <p class="right price"><b>11.49 €</b></p>
        <p class="right unitPrice">11.49 € per piece</p>
    </div>
    <div class="notAvailable">
    <a class="button bgDarkGrey white" href="https://www.spesati.com/bacinelle-ovali-cm65-rama-393">Not available</a>
</div>
</div><div class="left product prod47"
        data-name="Bacinelle Ovali Cm.70 Rama 394"
        data-price="14.00"
        data-id="30097"
        data-available="no"
        data-category="4973"
        data-bestselling="">
    <a href="https://www.spesati.com/bacinelle-ovali-cm70-rama-394">
        <div style="background-image: url('https://cdn.spesati.com/images/products/missing-image/missing-image.jpg')">
            <div class="hover"></div>
            
            <div class="stickers"></div>
        </div>
    </a>
    <div>
        <h4><a href="https://www.spesati.com/bacinelle-ovali-cm70-rama-394"><b>Bacinelle Ovali Cm.70 Rama 394</b></a></h4>
        <p class="description">1 piece</p>
        <p class="right price"><b>14.00 €</b></p>
        <p class="right unitPrice">14.01 € per piece</p>
    </div>
    <div class="notAvailable">
    <a class="button bgDarkGrey white" href="https://www.spesati.com/bacinelle-ovali-cm70-rama-394">Not available</a>
</div>
</div><div class="left product prod48"
        data-name="Secchi Plastica 7 Lt C-becco"
        data-price="2.31"
        data-id="30108"
        data-available="no"
        data-category="4973"
        data-bestselling="">
    <a href="https://www.spesati.com/secchi-plastica-7-lt-c-becco">
        <div style="background-image: url('https://cdn.spesati.com/images/products/missing-image/missing-image.jpg')">
            <div class="hover"></div>
            
            <div class="stickers"></div>
        </div>
    </a>
    <div>
        <h4><a href="https://www.spesati.com/secchi-plastica-7-lt-c-becco"><b>Secchi Plastica 7 Lt C-becco</b></a></h4>
        <p class="description">1 piece</p>
        <p class="right price"><b>2.31 €</b></p>
        <p class="right unitPrice">2.31 € per piece</p>
    </div>
    <div class="notAvailable">
    <a class="button bgDarkGrey white" href="https://www.spesati.com/secchi-plastica-7-lt-c-becco">Not available</a>
</div>
</div><div class="left product prod49"
        data-name="Sanif Cloroattivo Performa 5lt"
        data-price="19.41"
        data-id="31570"
        data-available="no"
        data-category="4973"
        data-bestselling="">
    <a href="https://www.spesati.com/sanif-cloroattivo-performa-5lt">
        <div style="background-image: url('https://cdn.spesati.com/images/products/missing-image/missing-image.jpg')">
            <div class="hover"></div>
            
            <div class="stickers"></div>
        </div>
    </a>
    <div>
        <h4><a href="https://www.spesati.com/sanif-cloroattivo-performa-5lt"><b>Sanif Cloroattivo Performa 5lt</b></a></h4>
        <p class="description">5 Lt</p>
        <p class="right price"><b>19.41 €</b></p>
        <p class="right unitPrice">3.88 € per litre</p>
    </div>
    <div class="notAvailable">
    <a class="button bgDarkGrey white" href="https://www.spesati.com/sanif-cloroattivo-performa-5lt">Not available</a>
</div>
</div><div class="left product prod50"
        data-name="Bacinella Tonda Lt 8 Rosso Dia"
        data-price="4.00"
        data-id="32643"
        data-available="no"
        data-category="4973"
        data-bestselling="">
    <a href="https://www.spesati.com/bacinella-tonda-lt-8-rosso-dia">
        <div style="background-image: url('https://cdn.spesati.com/images/products/missing-image/missing-image.jpg')">
            <div class="hover"></div>
            
            <div class="stickers"></div>
        </div>
    </a>
    <div>
        <h4><a href="https://www.spesati.com/bacinella-tonda-lt-8-rosso-dia"><b>Bacinella Tonda Lt 8 Rosso Dia</b></a></h4>
        <p class="description">1 piece</p>
        <p class="right price"><b>4.00 €</b></p>
        <p class="right unitPrice">4.00 € per piece</p>
    </div>
    <div class="notAvailable">
    <a class="button bgDarkGrey white" href="https://www.spesati.com/bacinella-tonda-lt-8-rosso-dia">Not available</a>
</div>
</div><div class="left product prod51"
        data-name="Bacinella Tonda Lt 20 Grigio"
        data-price="6.24"
        data-id="32644"
        data-available="no"
        data-category="4973"
        data-bestselling="">
    <a href="https://www.spesati.com/bacinella-tonda-lt-20-grigio">
        <div style="background-image: url('https://cdn.spesati.com/images/products/missing-image/missing-image.jpg')">
            <div class="hover"></div>
            
            <div class="stickers"></div>
        </div>
    </a>
    <div>
        <h4><a href="https://www.spesati.com/bacinella-tonda-lt-20-grigio"><b>Bacinella Tonda Lt 20 Grigio</b></a></h4>
        <p class="description">1 piece</p>
        <p class="right price"><b>6.24 €</b></p>
        <p class="right unitPrice">6.23 € per piece</p>
    </div>
    <div class="notAvailable">
    <a class="button bgDarkGrey white" href="https://www.spesati.com/bacinella-tonda-lt-20-grigio">Not available</a>
</div>
</div><div class="left product prod52"
        data-name="Bacinella Tonda Lt 20 Arancio"
        data-price="6.24"
        data-id="32645"
        data-available="no"
        data-category="4973"
        data-bestselling="">
    <a href="https://www.spesati.com/bacinella-tonda-lt-20-arancio">
        <div style="background-image: url('https://cdn.spesati.com/images/products/missing-image/missing-image.jpg')">
            <div class="hover"></div>
            
            <div class="stickers"></div>
        </div>
    </a>
    <div>
        <h4><a href="https://www.spesati.com/bacinella-tonda-lt-20-arancio"><b>Bacinella Tonda Lt 20 Arancio</b></a></h4>
        <p class="description">1 piece</p>
        <p class="right price"><b>6.24 €</b></p>
        <p class="right unitPrice">6.23 € per piece</p>
    </div>
    <div class="notAvailable">
    <a class="button bgDarkGrey white" href="https://www.spesati.com/bacinella-tonda-lt-20-arancio">Not available</a>
</div>
</div>        </div>
    </div>
</section>
<div class="footer">
    <div class="bgDarkGrey"></div>
    <footer>
        <div class="left bgDarkGrey">
            <a id="logoFooter" href="https://www.spesati.com/" class="estDynamic">
                <img src="http://cdn.spesati.com/images/layout/logo-eng.png" alt="Spesati.com" />
                <h2 class="red">Grocery Delivery</h2>
            </a>
            <a class="button bgRed white mobile" href="tel:390707968318">Phone order</a>
            <a class="button bgRed white desktop" href="https://www.spesati.com/news/2020-04-07/news-on-spesati-the-telephone-order-service-is-active">Phone order</a>
            <a class="button bgRed white" href="https://www.spesati.com/cdn-cgi/l/email-protection#a2cbccc4cde2d1d2c7d1c3d6cb8cc1cdcf">Send mail</a>
            <div id="social">
                <a class="left" href="https://www.facebook.com/spesati/" rel="external" target="_blank">
                    <span class="facebook bgRed fa-stack fa-lg">
                        <i class="fa fa-facebook fa-stack-1x "></i>
                    </span>
                </a>
                <a class="right" href="https://twitter.com/spesati" rel="external" target="_blank">
                    <span class="twitter bgRed fa-stack fa-lg">
                        <i class="fa fa-twitter fa-stack-1x "></i>
                    </span>
                </a>
            </div>
            <p>Copyright 2024 Spesati.com </p>
            
                    <p>All rights reserved</p>
                    <p>SPESATI SRL</p>
                    <p>Corso Vittorio Veneto 15/I, 07026, Olbia</p>
                    <p>CF e P.Iva: 02772380909</p>
                        </div>
        <div class="center bgRed">
            <div class="top">
                <h3>Categories</h3>
                <div class="col">
                    <ul>
                        <li>
                            <a href="#" class="estDynamic">On sale</a>
                        </li>
                        <li>
                            <a href="https://www.spesati.com/fruit-and-vegetables" class="estDynamic">Fruit and vegetables</a>
                        </li>
                        <li>
                            <a href="https://www.spesati.com/fresh-products" class="estDynamic">Fresh products</a>
                        </li>
                        <li>
                            <a href="https://www.spesati.com/frozen-foods" class="estDynamic">Frozen foods</a>
                        </li>
                        <li>
                            <a href="https://www.spesati.com/bread-and-pasta" class="estDynamic">Bread and pasta</a>
                        </li>
                        <li>
                            <a href="https://www.spesati.com/meat" class="estDynamic">Meat</a>
                        </li>
                        <li>
                            <a href="https://www.spesati.com/fish" class="estDynamic">Fish</a>
                        </li>
                    </ul>
                </div>
                <div class="col">
                    <ul>
                        <li>
                            <a href="https://www.spesati.com/wine-beer-and-spirits" class="estDynamic">Wine beer and spirits</a>
                        </li>
                        <li>
                            <a href="https://www.spesati.com/water-and-drinks" class="estDynamic">Water and drinks</a>
                        </li>
                        <li>
                            <a href="https://www.spesati.com/sweets" class="estDynamic">Sweets</a>
                        </li>
                        <li>
                            <a href="https://www.spesati.com/shelf" class="estDynamic">Cupboard</a>
                        </li>
                        <li>
                            <a href="https://www.spesati.com/personal-care" class="estDynamic">Personal care</a>
                        </li>
                        <li>
                            <a href="https://www.spesati.com/household-and-outdoors" class="estDynamic">Home and outdoors</a>
                        </li>
                        <li>
                            <a href="https://www.spesati.com/pet" class="estDynamic">Pets</a>
                        </li>
                    </ul>
                </div>
                <div class="col">
                    <ul>
                        <li>
                            <a href="https://www.spesati.com/technology" class="estDynamic">Technology</a>
                        </li>
                        <li>
                            <a href="https://www.spesati.com/gluten-free" class="estDynamic">Gluten free</a>
                        </li>
                        <li>
                            <a href="https://www.spesati.com/lactose-free" class="estDynamic">Lactose free</a>
                        </li>
                        <li>
                            <a href="https://www.spesati.com/special" class="estDynamic">Special</a>
                        </li>
                        <li>
                            <a href="https://www.spesati.com/sardinian-products" class="estDynamic">Sardinian products</a>
                        </li>
                    </ul>
                </div>
            </div>
            <div class="bottom bgRed">
                <div class="left">
                    <h3>Delivery payment</h3>
                    <div>
                        <i class="fa fa-money fa-3x" aria-hidden="true"></i>
                        <p>Cash</p>
                    </div>
                    <div>
                        <i class="fa fa-credit-card fa-3x" aria-hidden="true"></i>
                        <p>Bancomat or card</p>
                    </div>
                </div>
                <div class="right">
                    <h3>Online payment</h3>
                    <div>
                        <i class="fa fa-credit-card fa-3x" aria-hidden="true"></i>
                        <p>Credit or debit card <span class="red">online</span></p>
                    </div>
                    <div>
                        <i class="fa fa-paypal fa-3x" aria-hidden="true"></i>
                        <p>PayPal</p>
                    </div>
                    <div>
                        <i class="fa fa-university fa-3x" aria-hidden="true"></i>
                        <p>Bank transfer</p>
                    </div>
                </div>
            </div>
        </div>
        <div class="right bgRed">
            <div>
                <i class="fa fa-truck fa-flip-horizontal"></i>
                <a class="button bgYellow white" href="https://www.spesati.com/delivery-prices">Delivery prices</a>
                
                    <h3>Home delivery:</h3>
                    <p><b>Monday to Saturday</b></p>
                    <p><b>9:00 to 20:00</b></p>
                    <p><b>Minimum order:</b> 29€</p>
                    <p><b>Delivery starting from:</b> 3,50€</p>
                            </div>
            <ul>
                <li>
                    <a href="https://www.spesati.com/delivery-prices">Delivery prices</a>
                </li>
                <li>
                    <a href="https://www.spesati.com/about">About</a>
                </li>
                <li>
                    <a href="https://www.spesati.com/faq">Faq</a>
                </li>
                <li>
                    <a href="https://www.spesati.com/customer-care">Support</a>
                </li>
                <li>
                    <a href="https://www.spesati.com/news">Blog</a>
                </li>
                <li>
                    <a href="https://www.spesati.com/terms-and-conditions">Conditions</a>
                </li>
                <li>
                    <a href="https://www.spesati.com/privacy-policy">Privacy policy</a>
                </li>
                <li>
                    <a href="https://www.spesati.com/legal-warranty">Legal guarantee</a>
                </li>
            </ul>
        </div>
    </footer>
    <div class="bgRed"></div>
</div>
<!--Start of Tawk.to Script-->
<script data-cfasync="false" src="https://www.spesati.com/cdn-cgi/scripts/5c5dd728/cloudflare-static/email-decode.min.js"></script><script type="text/javascript">
var Tawk_API=Tawk_API||{}, Tawk_LoadStart=new Date();
(function(){
var s1=document.createElement("script"),s0=document.getElementsByTagName("script")[0];
s1.async=true;
s1.src='https://embed.tawk.to/59e86945c28eca75e4626ed9/default';
s1.charset='UTF-8';
s1.setAttribute('crossorigin','*');
s0.parentNode.insertBefore(s1,s0);
})();
</script>
<!--End of Tawk.to Script-->

<!-- Here are parked a few translatable strings, useful for Javascript rendering -->
<div id="js-texts" hidden>
    <input type="hidden" name="save_cart_notice" value="Saving your cart it will be possible to reload it next time you come for shopping">
    <input type="hidden" name="save_cart_notice_title" value="Want to save your cart?">
    <input type="hidden" name="save_cart_ok" value="Save">
    <input type="hidden" name="save_cart_ko" value="Don't Save">
    <input type="hidden" name="reload_cart" value="The Reload Order function allows you to top up your last cart to make a New Order. Warning: do not use this function to add products to the last order. At this time it is not possible to modify an order placed previously.">
</div>

<!-- new site and login popup -->
</body>
<!-- Mirrored from www.spesati.com/household-and-outdoors/home-and-furniture-products by HTTrack Website Copier/3.x [XR&CO'2014], Fri, 23 Feb 2024 18:50:16 GMT -->
</html>