<!DOCTYPE html><html lang="en">
<!-- Mirrored from www.spesati.com/household-and-outdoors/laundry-accessories-and-detergent by HTTrack Website Copier/3.x [XR&CO'2014], Fri, 23 Feb 2024 18:50:15 GMT -->
<!-- Added by HTTrack --><meta http-equiv="content-type" content="text/html;charset=utf-8" /><!-- /Added by HTTrack -->
<head>
    <title>Laundry detergent - Home and outdoors - Spesati.com</title>
    <meta http-equiv="Content-Type" content="text/html; charset=UTF-8" />
    <meta name="description" content="" />
    <meta name="keywords" content="" />
    <link href="https://www.spesati.com/images/favicon.ico" rel="shortcut icon" type="image/x-icon" />
    <meta name="author" content="www.dodify.com" /><link rel="canonical" href="https://www.spesati.com/household-and-outdoors/laundry-accessories-and-detergent" /><link rel="alternate" hreflang="en" href="https://www.spesati.com/household-and-outdoors/laundry-accessories-and-detergent" /><link rel="alternate" hreflang="it" href="https://www.spesati.it/pellet-e-casa/detersivi-panni" /><link href="https://cdnjs.cloudflare.com/ajax/libs/meyer-reset/2.0/reset.min.css" rel="stylesheet" type="text/css" /><link href="https://cdnjs.cloudflare.com/ajax/libs/font-awesome/6.5.1/css/all.min.css" rel="stylesheet" type="text/css" /><link href="https://fonts.googleapis.com/css?family=Montserrat:400,700" rel="stylesheet" type="text/css" /><link href="http://cdnjs.cloudflare.com/ajax/libs/fancybox/2.1.5/jquery.fancybox.min.css" rel="stylesheet" type="text/css" /><link href="https://www.spesati.com/style/main.css?v=7" rel="stylesheet" type="text/css" /><link href="https://www.spesati.com/style/lightslider.css" rel="stylesheet" type="text/css" /><link href="https://www.spesati.com/style/categories.css" rel="stylesheet" type="text/css" /><script src="https://cdnjs.cloudflare.com/ajax/libs/jquery/3.6.1/jquery.min.js" type="text/javascript"></script><script src="http://ajax.googleapis.com/ajax/libs/jquery/1.11.0/jquery.min.js" type="text/javascript"></script><script src="http://unpkg.com/@floating-ui/core@0.4.0" type="text/javascript"></script><script src="http://unpkg.com/@floating-ui/dom@0.2.0" type="text/javascript"></script><script src="http://cdnjs.cloudflare.com/ajax/libs/fancybox/2.1.5/jquery.fancybox.min.js" type="text/javascript"></script><script src="https://www.spesati.com/js/menu.js" type="text/javascript"></script><script src="https://www.spesati.com/js/interface.js?v=10" type="text/javascript"></script><script src="https://www.spesati.com/js/spesati.lightslider.min.js" type="text/javascript"></script><meta name="viewport" content="width=device-width, initial-scale=1, maximum-scale=1" /><meta name = "format-detection" content = "telephone=no">
<!-- Facebook Pixel Code -->
<script>
  !function(f,b,e,v,n,t,s)
  {if(f.fbq)return;n=f.fbq=function(){n.callMethod?
  n.callMethod.apply(n,arguments):n.queue.push(arguments)};
  if(!f._fbq)f._fbq=n;n.push=n;n.loaded=!0;n.version='2.0';
  n.queue=[];t=b.createElement(e);t.async=!0;
  t.src=v;s=b.getElementsByTagName(e)[0];
  s.parentNode.insertBefore(t,s)}(window, document,'script',
  'https://connect.facebook.net/en_US/fbevents.js');
  fbq('init', '792335014180667');
  fbq('track', 'PageView');
</script>
<noscript>
    <img height="1" width="1" style="display:none" src="https://www.facebook.com/tr?id=792335014180667&amp;ev=PageView&amp;noscript=1" />
</noscript>
<!-- End Facebook Pixel Code -->

<!-- GA4 -->
<script async src="https://www.googletagmanager.com/gtag/js?id=G-SSS6NRNXL0"></script>
<script>
  window.dataLayer = window.dataLayer || [];
  function gtag(){dataLayer.push(arguments);}
  gtag('js', new Date());
  gtag('config', 'AW-976671669');
  gtag('config', 'G-SSS6NRNXL0');
</script>
<!-- Elements for PWA deploy -->
<link rel="manifest" href="https://www.spesati.com/manifest.json">
<meta name="theme-color" media="(prefers-color-scheme: light)" content="white">
<meta name="theme-color" media="(prefers-color-scheme: dark)"  content="black">
<link href=https://www.spesati.com/images/icon-192.png rel=apple-touch-icon sizes="192x192">
<!-- Establishment logic -->
<script>var pageEstablishment = "Olbia"; var estDefaultPages = true</script>
    <!--[if lt IE 9]>
        <script src="https://cdnjs.cloudflare.com/ajax/libs/html5shiv/3.7.3/html5shiv.min.js" type="text/javascript"></script>
    <![endif]--><script type="text/javascript">
$(document).ready(function() {
    // Check if exists cookie
    if(document.cookie.indexOf("cookieAccepted") < 0) {
        var cookieText = '<div id=\"cookie\"><p>This site uses cookies. Cookies are used for ads personalisation. <a href=\"/privacy-policy\">More info</a></p><button id=\"cookieConsent\" type=\"button\">Accept</button></div>';
        $("body").append($(
            cookieText
        ));
        $('#cookie').css({
            'width'           : '100%',
            'text-align'      : 'center',
            'color'           : '#FFFFFF',
            'background-color': '#000000', 
            'opacity'         : '.8', 
            'position'        : 'fixed', 
            'bottom'          : '0',
            'padding'         : '.5em 0',
            'z-index'         : '999'
        });
        $('#cookie > *').css({
            'display': 'inline'
        });
        $('#cookie a').css({
            'color'          : '#FFFFFF',
            'text-decoration': 'underline',
            'margin-right'   : '2%'
        });
        $('#cookieConsent').click(function() {
            // Set cookie
            var expiry = new Date();
            expiry.setTime(expiry.getTime() + (365 * 24 * 60 * 60 * 1000));
            document.cookie = "cookieAccepted=yes; expires=" + expiry.toGMTString() + "; path=/; domain=.spesati.com";
            $('#cookie').css({'display': 'none'});
        });
    }
});
</script></head><body><script type="text/javascript">
    var addText = "Add";
    var slider  = null;
    $(document).ready(function() {
        slider = $('#cartSlider').lightSlider({
            controls: false,
            item:13,
            loop:false,
            slideMove:1,
            easing: 'cubic-bezier(0.25, 0, 0.25, 1)',
            speed:600,
            responsive : [
                {
                    breakpoint:1400,
                    settings: {
                        item:12,
                        slideMove:1,
                    }
                },
                {
                    breakpoint:1200,
                    settings: {
                        item:11,
                        slideMove:1,
                    }
                },
                {
                    breakpoint:1080,
                    settings: {
                        item:14,
                        slideMove:1,
                    }
                },
                {
                    breakpoint:800,
                    settings: {
                        item:12,
                        slideMove:1,
                    }
                }
            ]
        });
        $('.lSPager').css("display","none");
        $('.lSAction').css("display","block");
        $('#goToPrevSlide').on('click', function () {
            slider.goToPrevSlide();
        });
        $('#goToNextSlide').on('click', function () {
            slider.goToNextSlide();
        });
    });

</script>
<div id="header" class="bgYellow">
    <header>
        <a class="menu" href="#"><i class="fa red fa-bars fa-2x"></i></a>
        <a id="logo" class="colLeft estDynamic" href="https://www.spesati.com/">
            <img src="http://cdn.spesati.com/images/layout/logo-eng.png" alt="Spesati.com" />
            <h2 class="red">Grocery Delivery</h2>
        </a>
        <div class="colRight">
            <div id="controls" class="right">
                <p id="establishmentControls">
                    <span class="establishmentWarning"><i class="fa-solid fa-triangle-exclamation red" title="Stai visualizzando i prodotti disponibili in una zona diversa. Se vuoi cambiare zona, cliccan qui"></i>&nbsp;&nbsp;</span>
                    Shopping from <b><a id="establishment" href="#"></a></b> <span id="estAddress">for </span> <a href="https://www.spesati.com/change-establishment">(<i class="fa-solid fa-pencil"></i> Change)</a> <span class="establishmentWarning">but viewing <b>Olbia</b></span>
                </p>
                <p><a href="https://www.spesati.it/pellet-e-casa/detersivi-panni" class="black switch-site">Versione italiana</a></p>                
            </div>
            <div>
                <form id="search" action="https://www.spesati.com/search" method="post" class="left">
                    <fieldset>
                        <div>
                            <input type="text" name="searchBox" id="searchBox" placeholder="Search for a product"></input>
                            <input id="searchButton" type="submit" name="searchButton" class="button bgRed white left" value="Find" />
                        </div>
                    </fieldset>
                </form>
                <div class="center left">
                    <a class="button bgRed white log-in" href="https://www.spesati.com/login">Login</a>
                    <a class="button bgRed white sign-up" href="https://www.spesati.com/sign-up">Sign up</a>
                    <a class="button bgRed white profile" href="https://www.spesati.com/profile">Profile</a>
                    <a class="button bgRed white log-out" href="https://www.spesati.com/logout" data-endpoint-check-cart="https://api.spesati.com/cart/check">Logout</a>
                </div>
                <div class="right user-function-icons">
                    <a class="red left account"><i class="fa fa-user fa-3x"></i></a>
                    <div id="dropdown">
                        <a class="log-in button bgRed white" href="https://www.spesati.com/login">Login</a>
                        <a class="sign-up button bgRed white" href="https://www.spesati.com/sign-up">Sign up</a>
                        <a class="profile button bgRed white" href="https://www.spesati.com/profile">Profile</a>
                        <a class="log-out button bgRed white" href="https://www.spesati.com/logout">Logout</a>
                    </div>

                    <div class="cart left">
                        <i class="fa fa-sm fa-shopping-cart red" aria-hidden="true" id="shipping-cart-button"></i>
                        <p id="cartQuantity"></p>
                    </div>

                    <a class="right" href="https://www.spesati.com/cart"><p class="black" id="cartTotal"></p></a>
                </div>
            </div>
                            <div id="previewCart">
                    <i id="goToPrevSlide" class="yellow fa fa-angle-left fa-2x" aria-hidden="true"></i>
                    <div><ul id="cartSlider"></ul></div>
                    <i id="goToNextSlide" class="yellow fa fa-angle-right fa-2x" aria-hidden="true"></i>
                </div>
                    </div>
    </header>

    <div id="shipping-cart-options" data-inited="false">
        <a href="https://www.spesati.com/cart" class="goto-cart">checkout</a>
        <a href="#" data-endpoint-auth="https://api.spesati.com/cart/save" data-endpoint-noauth="/login" class="save-cart">save</a>
        <a href="#" data-endpoint-auth="https://api.spesati.com/cart/load" class="load-cart">load</a>
    </div>
</div>
<div id="menuCategoriesMobile" class="mobile bgRed">
    <div class="closeMenu">
        <i class="fa fa-times fa-2x white"></i>
        Close
    </div>
    <ul class="bgRed white">
        <div id="langMobile" class="right">
        <a href="https://www.spesati.it/pellet-e-casa/detersivi-panni" class="white switch-site"><p>Versione italiana</p></a>    </div>
        <li><a>Categories</a>
            <ul class="bgWhite">
                <li>
                    <img src="http://cdn.spesati.com/images/menu/on-sale.png"/>
                    On sale                    <i class="fa fa-angle-down" aria-hidden="true"></i>
                    <ul class="sub-menu">
                    <li>
    <a href="https://www.spesati.com/tacchino-fesa-a-fette">Tacchino Fesa A Fette</a>
</li><li>
    <a href="https://www.spesati.com/amaro-montenegro-15lt">Amaro Montenegro 1,5lt</a>
</li><li>
    <a href="https://www.spesati.com/carbone-di-legna-sacco-10kg">Carbone Di Legna Sacco 10Kg</a>
</li><li>
    <a href="https://www.spesati.com/filu-e-ferru-silvio-carta-70cl">Filu E Ferru Silvio Carta 70Cl</a>
</li><li>
    <a href="https://www.spesati.com/braciole-suino-con-cotenna">Braciole Suino Con Cotenna</a>
</li><li>
    <a href="https://www.spesati.com/bovino-adulto-polpa">Bovino Adulto Polpa</a>
</li><li>
    <a href="https://www.spesati.com/vino-la-palma-cannonau-le-bombarde">Vino La Palma Cannonau Le Bombarde</a>
</li><li>
    <a href="https://www.spesati.com/fettine-sceltissime-bovino-adulto">Fettine Sceltissime Bovino Adulto</a>
</li><li>
    <a href="https://www.spesati.com/suino-fettine-scelte">Suino Fettine Scelte</a>
</li><li>
    <a href="https://www.spesati.com/lavazza-caffe-qualita-rossa-2x250gr">Lavazza Caffé Qualità Rossa 2x250gr</a>
</li>                        <li>
                            <a class="estDynamic" href="https://www.spesati.com/on-offer">All products on sale</a>
                        </li>
                    </ul>
                </li>
                <li>
                    <img src="http://cdn.spesati.com/images/menu/gift.png"/>
                    Gifts                    <i class="fa fa-angle-down" aria-hidden="true"></i>
                    <ul class="sub-menu">
                        <li>
    <a href="https://www.spesati.com/gift-card-da-150">Gift Card Da 150</a>
</li><li>
    <a href="https://www.spesati.com/gift-card-da-100">Gift Card Da 100</a>
</li><li>
    <a href="https://www.spesati.com/gift-card-da-50">Gift Card Da 50</a>
</li><li>
    <a href="https://www.spesati.com/gift-card-da-25">Gift Card Da 25</a>
</li>                        <li>
                            <a class="estDynamic" href="https://www.spesati.com/gift">All products in the gifts category</a>
                        </li>
                    </ul>
                </li>
                <li>
                    <img src="http://cdn.spesati.com/images/menu/gift-card.png"/>
                    Gift card and discounts                    <i class="fa fa-angle-down" aria-hidden="true"></i>
                    <ul class="sub-menu">
                        <li>
    <a href="https://www.spesati.com/gift-card-da-150">Gift Card Da 150</a>
</li><li>
    <a href="https://www.spesati.com/gift-card-da-100">Gift Card Da 100</a>
</li><li>
    <a href="https://www.spesati.com/gift-card-da-50">Gift Card Da 50</a>
</li><li>
    <a href="https://www.spesati.com/gift-card-da-25">Gift Card Da 25</a>
</li>                    </ul>
                </li>
                <li>
                    <img src="http://cdn.spesati.com/images/menu/fuit-and-vegetables.png"/>
                    Fruit and vegetables                    <i class="fa fa-angle-down" aria-hidden="true"></i>
                    <ul class="sub-menu">
                        <li>
                            <a class="estDynamic" href="https://www.spesati.com/fruit-and-vegetables/pulses-and-beans">Cereals and pulses and beans</a>
                        </li>
                        <li>
                            <a class="estDynamic" href="https://www.spesati.com/fruit-and-vegetables/fruit">Fruit</a>
                        </li>
                        <li>
                            <a class="estDynamic" href="https://www.spesati.com/fruit-and-vegetables/canned-fruit">Canned fruit</a>
                        </li>
                        <li>
                            <a class="estDynamic" href="https://www.spesati.com/fruit-and-vegetables/dried-fruit">Dried fruit</a>
                        </li>
                        <li>
                            <a class="estDynamic" href="https://www.spesati.com/fruit-and-vegetables/ready-salads">Ready salads</a>
                        </li>
                        <li>
                            <a class="estDynamic" href="https://www.spesati.com/fruit-and-vegetables/fresh-spices">Fresh spices</a>
                        </li>
                        <li>
                            <a class="estDynamic" href="https://www.spesati.com/fruit-and-vegetables/vegetables">Vegetables and soy</a>
                        </li>
                    </ul>
                </li>
                <li>
                    <img src="http://cdn.spesati.com/images/menu/fresh-products.png"/>
                    Fresh products                    <i class="fa fa-angle-down" aria-hidden="true"></i>
                    <ul class="sub-menu">
                        <li>
                            <a class="estDynamic" href="https://www.spesati.com/fresh-products/margarine-and-butter">Butter and margarine</a>
                        </li>
                        <li>
                            <a class="estDynamic" href="https://www.spesati.com/fresh-products/danone">Danone</a>
                        </li>
                        <li>
                            <a class="estDynamic" href="https://www.spesati.com/fresh-products/dessert">Dessert</a>
                        </li>
                        <li>
                            <a class="estDynamic" href="https://www.spesati.com/fresh-products/sweets">Sweets</a>
                        </li>
                        <li>
                            <a class="estDynamic" href="https://www.spesati.com/fresh-products/dairy-products">Dairy product</a>
                        </li>
                        <li>
                            <a class="estDynamic" href="https://www.spesati.com/fresh-products/bakery">Yeast</a>
                        </li>
                        <li>
                            <a class="estDynamic" href="https://www.spesati.com/fresh-products/mascarpone">Mascarpone</a>
                        </li>
                        <li>
                            <a class="estDynamic" href="https://www.spesati.com/fresh-products/snacks">Snacks</a>
                        </li>
                        <li>
                            <a class="estDynamic" href="https://www.spesati.com/fresh-products/mozzarella">Mozzarella</a>
                        </li>
                        <li>
                            <a class="estDynamic" href="https://www.spesati.com/fresh-products/pasta">Pasta</a>
                        </li>
                        <li>
                            <a class="estDynamic" href="https://www.spesati.com/fresh-products/pesto-and-sauces">Pesto and sauces</a>
                        </li>
                        <li>
                            <a class="estDynamic" href="https://www.spesati.com/fresh-products/ricotta-and-cheese">Ricotta and cheese</a>
                        </li>
                        <li>
                            <a class="estDynamic" href="https://www.spesati.com/fresh-products/cured-meat">Cured meat</a>
                        </li>
                        <li>
                            <a class="estDynamic" href="https://www.spesati.com/fresh-products/wurstel">Würstel</a>
                        </li>
                        <li>
                            <a class="estDynamic" href="https://www.spesati.com/fresh-products/yogurt">Yogurt</a>
                        </li>
                    </ul>
                </li>
                <li>
                    <img src="http://cdn.spesati.com/images/menu/frozen-foods.png"/>
                    Frozen foods                    <i class="fa fa-angle-down" aria-hidden="true"></i>
                    <ul class="sub-menu">
                        <li>
                            <a class="estDynamic" href="https://www.spesati.com/frozen-foods/meat">Meat</a>
                        </li>
                        <li>
                            <a class="estDynamic" href="https://www.spesati.com/frozen-foods/ice-creams">Ice cream and sweet</a>
                        </li>
                        <li>
                            <a class="estDynamic" href="https://www.spesati.com/frozen-foods/pasta">Pasta</a>
                        </li>
                        <li>
                            <a class="estDynamic" href="https://www.spesati.com/frozen-foods/fish">Fish</a>
                        </li>
                        <li>
                            <a class="estDynamic" href="https://www.spesati.com/frozen-foods/ready-meals">Ready meals</a>
                        </li>
                        <li>
                            <a class="estDynamic" href="https://www.spesati.com/frozen-foods/pizzas">Pizzas</a>
                        </li>
                        <li>
                            <a class="estDynamic" href="https://www.spesati.com/frozen-foods/vegetables">Vegetables and soy</a>
                        </li>
                    </ul>
                </li>
                <li>
                    <img src="http://cdn.spesati.com/images/menu/bread-and-pasta.png"/>
                    Bread and pasta                    <i class="fa fa-angle-down" aria-hidden="true"></i>
                    <ul class="sub-menu">
                        <li>
                            <a class="estDynamic" href="https://www.spesati.com/bread-and-pasta/crackers">Crackers</a>
                        </li>
                        <li>
                            <a class="estDynamic" href="https://www.spesati.com/bread-and-pasta/rusks">Rusks</a>
                        </li>
                        <li>
                            <a class="estDynamic" href="https://www.spesati.com/bread-and-pasta/white-bread">White bread</a>
                        </li>
                        <li>
                            <a class="estDynamic" href="https://www.spesati.com/bread-and-pasta/local-bread">Local bread</a>
                        </li>
                        <li>
                            <a class="estDynamic" href="https://www.spesati.com/bread-and-pasta/soft-bread">Soft bread</a>
                        </li>
                        <li>
                            <a class="estDynamic" href="https://www.spesati.com/bread-and-pasta/sardinian-bread">Sardinian bread</a>
                        </li>
                        <li>
                            <a class="estDynamic" href="https://www.spesati.com/bread-and-pasta/bakery">Bakery</a>
                        </li>
                        <li>
                            <a class="estDynamic" href="https://www.spesati.com/bread-and-pasta/pasta">Pasta</a>
                        </li>
                        <li>
                            <a class="estDynamic" href="https://www.spesati.com/bread-and-pasta/fresh-pasta">Fresh pasta</a>
                        </li>
                    </ul>
                </li>
                <li>
                    <img src="http://cdn.spesati.com/images/menu/meat.png"/>
                    Meat                    <i class="fa fa-angle-down" aria-hidden="true"></i>
                    <ul class="sub-menu">
                        <li>
                            <a class="estDynamic" href="https://www.spesati.com/meat/beef">Beef</a>
                        </li>
                        <li>
                            <a class="estDynamic" href="https://www.spesati.com/meat/goat">Goat</a>
                        </li>
                        <li>
                            <a class="estDynamic" href="https://www.spesati.com/meat/packaged-meat">Packaged meat</a>
                        </li>
                        <li>
                            <a class="estDynamic" href="https://www.spesati.com/meat/rabbit">Rabbit</a>
                        </li>
                        <li>
                            <a class="estDynamic" href="https://www.spesati.com/meat/horse">Horse</a>
                        </li>
                        <li>
                            <a class="estDynamic" href="https://www.spesati.com/meat/pork">Pork</a>
                        </li>
                        <li>
                            <a class="estDynamic" href="https://www.spesati.com/meat/lamb">Lamb</a>
                        </li>
                        <li>
                            <a class="estDynamic" href="https://www.spesati.com/meat/poultry">Poultry</a>
                        </li>
                    </ul>
                </li>
                <li>
                    <img src="http://cdn.spesati.com/images/menu/fish.png"/>
                    Fish                    <i class="fa fa-angle-down" aria-hidden="true"></i>
                    <ul class="sub-menu">
                        <li>
                            <a class="estDynamic" href="https://www.spesati.com/fish/fresh-water">Fresh water</a>
                        </li>
                        <li>
                            <a class="estDynamic" href="https://www.spesati.com/fish/salt-water">Salt water</a>
                        </li>
                        <li>
                            <a class="estDynamic" href="https://www.spesati.com/fish/mussels">Mussels</a>
                        </li>
                        <li>
                            <a class="estDynamic" href="https://www.spesati.com/fish/dried-and-salted">Dried and salted</a>
                        </li>
                        <li>
                            <a class="estDynamic" href="https://www.spesati.com/fish/seafood-salad">Seafood salad</a>
                        </li>
                        <li>
                            <a class="estDynamic" href="https://www.spesati.com/fish/prepared">Prepared</a>
                        </li>
                        <li>
                            <a class="estDynamic" href="https://www.spesati.com/fish/specialty">Specialty</a>
                        </li>   
                        <li>
                            <a class="estDynamic" href="https://www.spesati.com/fish/tuna-and-salmon">Tuna and salmon</a>
                        </li>
                    </ul>
                </li>
                <li>
                    <img src="http://cdn.spesati.com/images/menu/alcohol.png"/>
                    Wine beer and spirits                    <i class="fa fa-angle-down" aria-hidden="true"></i>
                    <ul class="sub-menu">
                        <li>
                            <a class="estDynamic" href="https://www.spesati.com/wine-beer-and-spirits/spirits-and-liquors">Alcohol</a>
                        </li>
                        <li>
                            <a class="estDynamic" href="https://www.spesati.com/wine-beer-and-spirits/bitters">Bitters</a>
                        </li>
                        <li>
                            <a class="estDynamic" href="https://www.spesati.com/wine-beer-and-spirits/aperatif">Aperatifs</a>
                        </li>
                        <li>
                            <a class="estDynamic" href="https://www.spesati.com/wine-beer-and-spirits/beer">Beer</a>
                        </li>
                        <li>
                            <a class="estDynamic" href="https://www.spesati.com/wine-beer-and-spirits/creams">Creams</a>
                        </li>
                        <li>
                            <a class="estDynamic" href="https://www.spesati.com/wine-beer-and-spirits/spirits">Spirits</a>
                        </li>
                        <li>
                            <a class="estDynamic" href="https://www.spesati.com/wine-beer-and-spirits/liquors">Liquors</a>
                        </li>
                        <li>
                            <a class="estDynamic" href="https://www.spesati.com/wine-beer-and-spirits/white-wine">White wine</a>
                        </li>
                        <li>
                            <a class="estDynamic" href="https://www.spesati.com/wine-beer-and-spirits/prosecco-wine">Prosecco wine</a>
                        </li>
                        <li>
                            <a class="estDynamic" href="https://www.spesati.com/wine-beer-and-spirits/rose-wine">Rose wine</a>
                        </li>
                        <li>
                            <a class="estDynamic" href="https://www.spesati.com/wine-beer-and-spirits/red-wine">Red wine</a>
                        </li>
                        <li>
                            <a class="estDynamic" href="https://www.spesati.com/wine-beer-and-spirits/specialty-wine">Special wine</a>
                        </li>
                        <li>
                            <a class="estDynamic" href="https://www.spesati.com/wine-beer-and-spirits/sparkling-wine">Sparkling wine</a>
                        </li>
                        <li>
                            <a class="estDynamic" href="https://www.spesati.com/wine-beer-and-spirits/vermentino-wine">Vermentino wine</a>
                        </li>
                    </ul>
                </li>
                <li>
                    <img src="http://cdn.spesati.com/images/menu/water-and-drinks.png"/>
                    Water and drinks                    <i class="fa fa-angle-down" aria-hidden="true"></i>
                    <ul class="sub-menu">
                        <li>
                            <a class="estDynamic" href="https://www.spesati.com/water-and-drinks/san-martino">San Martino</a>
                        </li>
                        <li>
                            <a class="estDynamic" href="https://www.spesati.com/water-and-drinks/water">Water</a>
                        </li>
                        <li>
                            <a class="estDynamic" href="https://www.spesati.com/water-and-drinks/alpro">Alpro</a>
                        </li>
                        <li>
                            <a class="estDynamic" href="https://www.spesati.com/water-and-drinks/fizzy-drinks">Fizzy drinks</a>
                        </li>
                        <li>
                            <a class="estDynamic" href="https://www.spesati.com/water-and-drinks/coca-cola">Coca-Cola</a>
                        </li>
                        <li>
                            <a class="estDynamic" href="https://www.spesati.com/water-and-drinks/energy-drink">Energy drink</a>
                        </li>
                        <li>
                            <a class="estDynamic" href="https://www.spesati.com/water-and-drinks/syrups">Syrups</a>
                        </li>
                        <li>
                            <a class="estDynamic" href="https://www.spesati.com/water-and-drinks/supplements">Supplements</a>
                        </li>
                        <li>
                            <a class="estDynamic" href="https://www.spesati.com/water-and-drinks/instant-drinks">Instant drinks</a>
                        </li>
                        <li>
                            <a class="estDynamic" href="https://www.spesati.com/water-and-drinks/juice">Juice</a>
                        </li>
                        <li>
                            <a class="estDynamic" href="https://www.spesati.com/water-and-drinks/tea">Tea</a>
                        </li>
                    </ul>
                </li>
                <li>
                    <img src="http://cdn.spesati.com/images/menu/sweets.png"/>
                    Sweets                    <i class="fa fa-angle-down" aria-hidden="true"></i>
                    <ul class="sub-menu">
                        <li>
                            <a class="estDynamic" href="https://www.spesati.com/sweets/bars-and-snacks">Bars and snacks</a>
                        </li>
                        <li>
                            <a class="estDynamic" href="https://www.spesati.com/sweets/biscuits">Biscuits</a>
                        </li>
                        <li>
                            <a class="estDynamic" href="https://www.spesati.com/sweets/brioches">Brioches</a>
                        </li>
                        <li>
                            <a class="estDynamic" href="https://www.spesati.com/sweets/candy-and-chewing-gum">Candy and chewing gum</a>
                        </li>
                        <li>
                            <a class="estDynamic" href="https://www.spesati.com/sweets/cereals">Cereals</a>
                        </li>
                        <li>
                            <a class="estDynamic" href="https://www.spesati.com/sweets/chocolate">Chocolate</a>
                        </li>
                        <li>
                            <a class="estDynamic" href="https://www.spesati.com/sweets/spreadable-creams">Spreads</a>
                        </li>
                        <li>
                            <a class="estDynamic" href="https://www.spesati.com/sweets/dessert-toppings">Dessert toppings</a>
                        </li>
                        <li>
                            <a class="estDynamic" href="https://www.spesati.com/sweets/jam">Jam</a>
                        </li>
                        <li>
                            <a class="estDynamic" href="https://www.spesati.com/sweets/honey">Honey</a>
                        </li>
                        <li>
                            <a class="estDynamic" href="https://www.spesati.com/sweets/panettoni-and-pandoro">Panettone and pandoro</a>
                        </li>
                        <li>
                            <a class="estDynamic" href="https://www.spesati.com/sweets/pastry">Pastry</a>
                        </li>
                        <li>
                            <a class="estDynamic" href="https://www.spesati.com/sweets/instant-dessert">Prepared</a>
                        </li>
                        <li>
                            <a class="estDynamic" href="https://www.spesati.com/sweets/cakes-and-pies">Cakes and pies</a>
                        </li>
                        <li>
                            <a class="estDynamic" href="https://www.spesati.com/sweets/easter-eggs-and-doves">Easter eggs and doves</a>
                        </li>
                    </ul>
                </li>
                <li>
                    <img src="http://cdn.spesati.com/images/menu/shelf.png"/>
                    Cupboard                    <i class="fa fa-angle-down" aria-hidden="true"></i>
                    <ul class="sub-menu">
                        <li>
                            <a class="estDynamic" href="https://www.spesati.com/shelf/coffee">Coffee</a>
                        </li>
                        <li>
                            <a class="estDynamic" href="https://www.spesati.com/shelf/gift-baskets">Gift baskets</a>
                        </li>
                        <li>
                            <a class="estDynamic" href="https://www.spesati.com/shelf/stock-cubes">Nuts and preparations</a>
                        </li>
                        <li>
                            <a class="estDynamic" href="https://www.spesati.com/shelf/flour-and-baking">Flour and baking</a>
                        </li>
                        <li>
                            <a class="estDynamic" href="https://www.spesati.com/shelf/milk">Milk</a>
                        </li>
                        <li>
                            <a class="estDynamic" href="https://www.spesati.com/shelf/oil-salt-vinegar">Oil, vinegar and salt</a>
                        </li>
                        <li>
                            <a class="estDynamic" href="https://www.spesati.com/shelf/cream-and-bechamel">Cream and bechamel</a>
                        </li>
                        <li>
                            <a class="estDynamic" href="https://www.spesati.com/shelf/crisps-and-pretzels">Crisps and pretzels</a>
                        </li>
                        <li>
                            <a class="estDynamic" href="https://www.spesati.com/shelf/baby-and-infants-products">Early childhood products</a>
                        </li>
                        <li>
                            <a class="estDynamic" href="https://www.spesati.com/shelf/rice">Rice</a>
                        </li>
                        <li>
                            <a class="estDynamic" href="https://www.spesati.com/shelf/tins-and-preserves">Tins and Preserves</a>
                        </li>
                        <li>
                            <a class="estDynamic" href="https://www.spesati.com/shelf/spices">Spices</a>
                        </li>
                        <li>
                            <a class="estDynamic" href="https://www.spesati.com/shelf/sauces">Sauces</a>
                        </li>
                        <li>
                            <a class="estDynamic" href="https://www.spesati.com/shelf/tea-and-infusions">Tea and infusions</a>
                        </li>
                        <li>
                            <a class="estDynamic" href="https://www.spesati.com/shelf/eggs">Eggs</a>
                        </li>
                        <li>
                            <a class="estDynamic" href="https://www.spesati.com/shelf/sugar-and-sweeteners">Sugar and sweeteners</a>
                        </li>
                    </ul>
                </li>
                <li>
                    <img src="http://cdn.spesati.com/images/menu/personal-care.png"/>
                    Personal care                    <i class="fa fa-angle-down" aria-hidden="true"></i>
                    <ul class="sub-menu">
                        <li>
                            <a class="estDynamic" href="https://www.spesati.com/personal-care/accessories-and-cotton">Accessories and cotton</a>
                        </li>
                        <li>
                            <a class="estDynamic" href="https://www.spesati.com/personal-care/feminine-care-incontinence-and-baby-diapers">Feminine incontinence and diapers</a>
                        </li>
                        <li>
                            <a class="estDynamic" href="https://www.spesati.com/personal-care/shower-gel">Shower gel</a>
                        </li>
                        <li>
                            <a class="estDynamic" href="https://www.spesati.com/personal-care/creams">Creams</a>
                        </li>
                        <li>
                            <a class="estDynamic" href="https://www.spesati.com/personal-care/deodorant">Deodorant</a>
                        </li>
                        <li>
                            <a class="estDynamic" href="https://www.spesati.com/personal-care/hair-removal">Hair removal</a>
                        </li>
                        <li>
                            <a class="estDynamic" href="https://www.spesati.com/personal-care/disinfectants">Disinfectants</a>
                        </li>
                        <li>
                            <a class="estDynamic" href="https://www.spesati.com/personal-care/oral-hygiene">Oral hygiene</a>
                        </li>
                        <li>
                            <a class="estDynamic" href="https://www.spesati.com/personal-care/supplements-and-multivitamins">Supplements and multivitamins</a>
                        </li>
                        <li>
                            <a class="estDynamic" href="https://www.spesati.com/personal-care/first-aid">First aid label</a>
                        </li>
                        <li>
                            <a class="estDynamic" href="https://www.spesati.com/personal-care/beard-products">Beard products</a>
                        </li>
                        <li>
                            <a class="estDynamic" href="https://www.spesati.com/personal-care/hairs-products">Hair products</a>
                        </li>
                        <li>
                            <a class="estDynamic" href="https://www.spesati.com/personal-care/perfume">Perfumes</a>
                        </li>
                        <li>
                            <a class="estDynamic" href="https://www.spesati.com/personal-care/wipes">Wipes</a>
                        </li>
                        <li>
                            <a class="estDynamic" href="https://www.spesati.com/personal-care/soaps-and-body-wash">Soaps and body wash</a>
                        </li>
                        <li>
                            <a class="estDynamic" href="https://www.spesati.com/personal-care/shampoo-and-conditioner">Shampoo and conditioner</a>
                        </li>
                    </ul>
                </li>
                <li>
                    <img src="http://cdn.spesati.com/images/menu/pellet-and-home.png"/>
                    Home and outdoors                    <i class="fa fa-angle-down" aria-hidden="true"></i>
                    <ul class="sub-menu">
                        <li>
                            <a class="estDynamic" href="https://www.spesati.com/household-and-outdoors/distilled-water">Distilled water</a>
                        </li>
                        <li>
                            <a class="estDynamic" href="https://www.spesati.com/household-and-outdoors/car-products">Cars</a>
                        </li>
                        <li>
                            <a class="estDynamic" href="https://www.spesati.com/household-and-outdoors/bin-bags-and-buckets">Bin bags and buckets</a>
                        </li>
                        <li>
                            <a class="estDynamic" href="https://www.spesati.com/household-and-outdoors/bleach-and-stain-removers">Bleach and stain removers</a>
                        </li>
                        <li>
                            <a class="estDynamic" href="https://www.spesati.com/household-and-outdoors/candles">Candles</a>
                        </li>
                        <li>
                            <a class="estDynamic" href="https://www.spesati.com/household-and-outdoors/kitchen-roll">Kitchen roll</a>
                        </li>
                        <li>
                            <a class="estDynamic" href="https://www.spesati.com/household-and-outdoors/air-fresheners">Air fresheners</a>
                        </li>
                        <li>
                            <a class="estDynamic" href="https://www.spesati.com/household-and-outdoors/laundry-accessories-and-detergent">Laundry detergent</a>
                        </li>
                        <li>
                            <a class="estDynamic" href="https://www.spesati.com/household-and-outdoors/dishwasher-and-washing-up">Dishwasher and washing up</a>
                        </li>
                        <li>
                            <a class="estDynamic" href="https://www.spesati.com/household-and-outdoors/gardening">Gardening</a>
                        </li>
                        <li>
                            <a class="estDynamic" href="https://www.spesati.com/household-and-outdoors/light-bulbs-and-batteries">Lightbulbs and batteries</a>
                        </li>
                        <li>
                            <a class="estDynamic" href="https://www.spesati.com/household-and-outdoors/pellet-and-bbq">Pellet and BBQ</a>
                        </li>
                        <li>
                            <a class="estDynamic" href="https://www.spesati.com/household-and-outdoors/bathroom-products">Bathroom products</a>
                        </li>
                        <li>
                            <a class="estDynamic" href="https://www.spesati.com/household-and-outdoors/home-and-furniture-products">Home and furniture products</a>
                        </li>
                        <li>
                            <a class="estDynamic" href="https://www.spesati.com/household-and-outdoors/kitchen-products">Kitchen products</a>
                        </li>
                        <li>
                            <a class="estDynamic" href="https://www.spesati.com/household-and-outdoors/window-and-floor-cleaners">Window and floor cleaner</a>
                        </li>
                        <li>
                            <a class="estDynamic" href="https://www.spesati.com/household-and-outdoors/repellents">Repellents</a>
                        </li>
                        <li>
                            <a class="estDynamic" href="https://www.spesati.com/household-and-outdoors/disposable-tableware">Disposable tableware</a>
                        </li>
                    </ul>
                </li>
                <li>
                    <img src="http://cdn.spesati.com/images/menu/animals.png"/>
                    Pets                    <i class="fa fa-angle-down" aria-hidden="true"></i>
                    <ul class="sub-menu">
                        <li>
                            <a class="estDynamic" href="https://www.spesati.com/pets/pet-food-other-animals">Other animals pet food</a>
                        </li>
                        <li>
                            <a class="estDynamic" href="https://www.spesati.com/pets/pet-food-dogs">Pet food dogs</a>
                        </li>
                        <li>
                            <a class="estDynamic" href="https://www.spesati.com/pets/pet-food-cats">Pet food cats</a>
                        </li>
                        <li>
                            <a class="estDynamic" href="https://www.spesati.com/pets/hygiene-and-cleaning">Hygiene and cleaning</a>
                        </li>
                    </ul>
                </li>
                <li>
                    <img src="http://cdn.spesati.com/images/menu/technology.png"/>
                    Technology                    <i class="fa fa-angle-down" aria-hidden="true"></i>
                    <ul class="sub-menu">
                        <li>
                            <a class="estDynamic" href="https://www.spesati.com/technology/accessories">Accessories</a>
                        </li>
                        <li>
                            <a class="estDynamic" href="https://www.spesati.com/technology/computer">Computer</a>
                        </li>
                        <li>
                            <a class="estDynamic" href="https://www.spesati.com/technology/telephones">Telephones</a>
                        </li>
                        <li>
                            <a class="estDynamic" href="https://www.spesati.com/technology/tv">TV</a>
                        </li>
                    </ul>
                </li>
                <li>
                    <img src="http://cdn.spesati.com/images/menu/gluten-free.png"/>
                    Gluten free                    <i class="fa fa-angle-down" aria-hidden="true"></i>
                    <ul class="sub-menu">
                        <li>
                            <a class="estDynamic" href="https://www.spesati.com/gluten-free/frozen-foods">Frozen foods</a>
                        </li>
                        <li>
                            <a class="estDynamic" href="https://www.spesati.com/gluten-free/beer">Beer</a>
                        </li>
                        <li>
                            <a class="estDynamic" href="https://www.spesati.com/gluten-free/sweets">Sweets</a>
                        </li>
                        <li>
                            <a class="estDynamic" href="https://www.spesati.com/gluten-free/bread-and-pasta">Bread and pasta</a>
                        </li>
                        <li>
                            <a class="estDynamic" href="https://www.spesati.com/gluten-free/shelf">Cupboard</a>
                        </li>
                    </ul>
                </li>
                <li>
                    <img src="http://cdn.spesati.com/images/menu/lactose-free.png"/>
                    Lactose free                    <i class="fa fa-angle-down" aria-hidden="true"></i>
                    <ul class="sub-menu">
                        <li>
                            <a class="estDynamic" href="https://www.spesati.com/lactose-free/frozen-foods">Frozen foods</a>
                        </li>
                        <li>
                            <a class="estDynamic" href="https://www.spesati.com/lactose-free/sweets">Sweets</a>
                        </li>
                        <li>
                            <a class="estDynamic" href="https://www.spesati.com/lactose-free/dairy-product">Dairy product</a>
                        </li>
                        <li>
                            <a class="estDynamic" href="https://www.spesati.com/lactose-free/shelf">Cupboard</a>
                        </li>
                    </ul>
                </li>
                <li>
                    <img src="http://cdn.spesati.com/images/menu/special.png"/>
                    Special                    <i class="fa fa-angle-down" aria-hidden="true"></i>
                    <ul class="sub-menu">
                        <li>
                            <a class="estDynamic" href="https://www.spesati.com/special/alpro">Alpro</a>
                        </li>
                        <li>
                            <a class="estDynamic" href="https://www.spesati.com/special/organic">Biological</a>
                        </li>
                        <li>
                            <a class="estDynamic" href="https://www.spesati.com/special/meat">Meat</a>
                        </li>
                        <li>
                            <a class="estDynamic" href="https://www.spesati.com/special/wholegrain">Wholegrain</a>
                        </li>
                        <li>
                            <a class="estDynamic" href="https://www.spesati.com/special/bread-and-pasta">Bread and pasta</a>
                        </li>
                        <li>
                            <a class="estDynamic" href="https://www.spesati.com/special/vegan">Vegan</a>
                        </li>
                    </ul>
                </li>
                <li>
                    <img src="http://cdn.spesati.com/images/menu/sardinian-products.png"/>
                    Sardinian products                    <i class="fa fa-angle-down" aria-hidden="true"></i>
                    <ul class="sub-menu">
                        <li>
                            <a class="estDynamic" href="https://www.spesati.com/sardinian-products/drinks">Drinks</a>
                        </li>
                        <li>
                            <a class="estDynamic" href="https://www.spesati.com/sardinian-products/meat">Meat</a>
                        </li>
                        <li>
                            <a class="estDynamic" href="https://www.spesati.com/sardinian-products/sweets">Sweets</a>
                        </li>
                        <li>
                            <a class="estDynamic" href="https://www.spesati.com/sardinian-products/fruit-and-vegetables">Fruit and vegetables</a>
                        </li>
                        <li>
                            <a class="estDynamic" href="https://www.spesati.com/sardinian-products/ichnusa">Ichnusa</a>
                        </li>
                        <li>
                            <a class="estDynamic" href="https://www.spesati.com/sardinian-products/dairy-product">Dairy product</a>
                        </li>
                        <li>
                            <a class="estDynamic" href="https://www.spesati.com/sardinian-products/bread-and-pasta">Bread and pasta</a>
                        </li>
                        <li>
                            <a class="estDynamic" href="https://www.spesati.com/sardinian-products/fish">Fish</a>
                        </li>
                        <li>
                            <a class="estDynamic" href="https://www.spesati.com/sardinian-products/cured-meat">Cured meat</a>
                        </li>
                        <li>
                            <a class="estDynamic" href="https://www.spesati.com/sardinian-products/shelf">Cupboard</a>
                        </li>
                        <li>
                            <a class="estDynamic" href="https://www.spesati.com/sardinian-products/vermentino-wine">Vermentino wine</a>
                        </li>
                        <li>
                            <a class="estDynamic" href="https://www.spesati.com/sardinian-products/wine-beer-and-spirits">Wine beer and spirits</a>
                        </li>
                    </ul>
                </li>
            </ul>
        </li>
        <li>
            <a href="https://www.spesati.com/about">About</a>
        </li>
        <li>
            <a href="https://www.spesati.com/faq">Faq</a>
        </li>
        <li>
            <a href="https://www.spesati.com/customer-care">Support</a>
        </li>
        <li>
            <a href="https://www.spesati.com/news">Blog</a>
        </li>
        <li>
            <a href="https://www.spesati.com/terms-and-conditions">Conditions</a>
        </li>
        <li>
            <a href="https://www.spesati.com/privacy-policy">Privacy policy</a>
        </li>
        <li>
            <a href="https://www.spesati.com/login">Login</a>
        </li>
        <li>
             <a href="https://www.spesati.com/sign-up">Sign up</a>
        </li>
    </ul>
</div><section class="first">
    <div id="menuCategories" class="colLeft">
    <ul id="main_nav" >
        <li>
            <a class="estDynamic" href="https://www.spesati.com/on-offer">
               <img src="http://cdn.spesati.com/images/menu/on-sale.png"/>
               On sale            </a>
            <i class="fa fa-angle-right" aria-hidden="true"></i>
            <ul class="sub-menu">
                <li>
    <a href="https://www.spesati.com/tacchino-fesa-a-fette" class="estDynamic">Tacchino Fesa A Fette</a>
</li><li>
    <a href="https://www.spesati.com/amaro-montenegro-15lt" class="estDynamic">Amaro Montenegro 1,5lt</a>
</li><li>
    <a href="https://www.spesati.com/carbone-di-legna-sacco-10kg" class="estDynamic">Carbone Di Legna Sacco 10Kg</a>
</li><li>
    <a href="https://www.spesati.com/filu-e-ferru-silvio-carta-70cl" class="estDynamic">Filu E Ferru Silvio Carta 70Cl</a>
</li><li>
    <a href="https://www.spesati.com/braciole-suino-con-cotenna" class="estDynamic">Braciole Suino Con Cotenna</a>
</li><li>
    <a href="https://www.spesati.com/bovino-adulto-polpa" class="estDynamic">Bovino Adulto Polpa</a>
</li><li>
    <a href="https://www.spesati.com/vino-la-palma-cannonau-le-bombarde" class="estDynamic">Vino La Palma Cannonau Le Bombarde</a>
</li><li>
    <a href="https://www.spesati.com/fettine-sceltissime-bovino-adulto" class="estDynamic">Fettine Sceltissime Bovino Adulto</a>
</li><li>
    <a href="https://www.spesati.com/suino-fettine-scelte" class="estDynamic">Suino Fettine Scelte</a>
</li><li>
    <a href="https://www.spesati.com/lavazza-caffe-qualita-rossa-2x250gr" class="estDynamic">Lavazza Caffé Qualità Rossa 2x250gr</a>
</li>                <li>
                    <a class="estDynamic" href="https://www.spesati.com/on-offer">All products on sale</a>
                </li>
            </ul>
        </li>
        <li>
            <a class="estDynamic" href="https://www.spesati.com/gift">
               <img src="http://cdn.spesati.com/images/menu/gift.png"/>
               Gifts            </a>
            <i class="fa fa-angle-right" aria-hidden="true"></i>
            <ul class="sub-menu">
                <li>
    <a href="https://www.spesati.com/gift-card-da-150" class="estDynamic">Gift Card Da 150</a>
</li><li>
    <a href="https://www.spesati.com/gift-card-da-100" class="estDynamic">Gift Card Da 100</a>
</li><li>
    <a href="https://www.spesati.com/gift-card-da-50" class="estDynamic">Gift Card Da 50</a>
</li><li>
    <a href="https://www.spesati.com/gift-card-da-25" class="estDynamic">Gift Card Da 25</a>
</li>                <li>
                    <a class="estDynamic" href="https://www.spesati.com/gift">All products in the gifts category</a>
                </li>
            </ul>
        </li>
        <li>
            <a class="estDynamic" href="https://www.spesati.com/gift-card">
               <img src="http://cdn.spesati.com/images/menu/gift-card.png"/>
               Gift card and discounts            </a>
            <i class="fa fa-angle-right" aria-hidden="true"></i>
            <ul class="sub-menu">
                <li>
    <a href="https://www.spesati.com/gift-card-da-150">Gift Card Da 150</a>
</li><li>
    <a href="https://www.spesati.com/gift-card-da-100">Gift Card Da 100</a>
</li><li>
    <a href="https://www.spesati.com/gift-card-da-50">Gift Card Da 50</a>
</li><li>
    <a href="https://www.spesati.com/gift-card-da-25">Gift Card Da 25</a>
</li>            </ul>
        </li>
        <li>
            <a class="estDynamic" href="https://www.spesati.com/fruit-and-vegetables">
               <img src="http://cdn.spesati.com/images/menu/fuit-and-vegetables.png"/>
               Fruit and vegetables           </a>
            <i class="fa fa-angle-right" aria-hidden="true"></i>
            <ul class="sub-menu">
                <li>
                    <a class="estDynamic" href="https://www.spesati.com/fruit-and-vegetables/pulses-and-beans">Cereals and pulses and beans</a>
                </li>
                <li>
                    <a class="estDynamic" href="https://www.spesati.com/fruit-and-vegetables/fruit">Fruit</a>
                </li>
                <li>
                    <a class="estDynamic" href="https://www.spesati.com/fruit-and-vegetables/canned-fruit">Canned fruit</a>
                </li>
                <li>
                    <a class="estDynamic" href="https://www.spesati.com/fruit-and-vegetables/dried-fruit">Dried fruit</a>
                </li>
                <li>
                    <a class="estDynamic" href="https://www.spesati.com/fruit-and-vegetables/ready-salads">Ready salads</a>
                </li>
                <li>
                    <a class="estDynamic" href="https://www.spesati.com/fruit-and-vegetables/fresh-spices">Fresh spices</a>
                </li>
                <li>
                    <a class="estDynamic" href="https://www.spesati.com/fruit-and-vegetables/vegetables">Vegetables and soy</a>
                </li>
            </ul>
        </li>
        <li>
            <a class="estDynamic" href="https://www.spesati.com/fresh-products">
                <img src="http://cdn.spesati.com/images/menu/fresh-products.png"/>
                Fresh products            </a>
            <i class="fa fa-angle-right" aria-hidden="true"></i>
            <ul class="sub-menu">
                <li>
                    <a class="estDynamic" href="https://www.spesati.com/fresh-products/margarine-and-butter">Butter and margarine</a>
                </li>
                <li>
                    <a class="estDynamic" href="https://www.spesati.com/fresh-products/danone">Danone</a>
                </li>
                <li>
                    <a class="estDynamic" href="https://www.spesati.com/fresh-products/dessert">Dessert</a>
                </li>
                <li>
                    <a class="estDynamic" href="https://www.spesati.com/fresh-products/sweets">Sweets</a>
                </li>
                <li>
                    <a class="estDynamic" href="https://www.spesati.com/fresh-products/dairy-products">Dairy product</a>
                </li>
                <li>
                    <a class="estDynamic" href="https://www.spesati.com/fresh-products/bakery">Yeast</a>
                </li>
                <li>
                    <a class="estDynamic" href="https://www.spesati.com/fresh-products/mascarpone">Mascarpone</a>
                </li>
                <li>
                    <a class="estDynamic" href="https://www.spesati.com/fresh-products/snacks">Snacks</a>
                </li>
                <li>
                    <a class="estDynamic" href="https://www.spesati.com/fresh-products/mozzarella">Mozzarella</a>
                </li>
                <li>
                    <a class="estDynamic" href="https://www.spesati.com/fresh-products/pasta">Pasta</a>
                </li>
                <li>
                    <a class="estDynamic" href="https://www.spesati.com/fresh-products/pesto-and-sauces">Pesto and sauces</a>
                </li>
                <li>
                    <a class="estDynamic" href="https://www.spesati.com/fresh-products/ricotta-and-cheese">Ricotta and cheese</a>
                </li>
                <li>
                    <a class="estDynamic" href="https://www.spesati.com/fresh-products/cured-meat">Cured meat</a>
                </li>
                <li>
                    <a class="estDynamic" href="https://www.spesati.com/fresh-products/wurstel">Würstel</a>
                </li>
                <li>
                    <a class="estDynamic" href="https://www.spesati.com/fresh-products/yogurt">Yogurt</a>
                </li>
            </ul>
        </li>
        <li>
            <a class="estDynamic" href="https://www.spesati.com/frozen-foods">
                <img src="http://cdn.spesati.com/images/menu/frozen-foods.png"/>
                Frozen foods            </a>
            <i class="fa fa-angle-right" aria-hidden="true"></i>
            <ul class="sub-menu">
                <li>
                    <a class="estDynamic" href="https://www.spesati.com/frozen-foods/meat">Meat</a>
                </li>
                <li>
                    <a class="estDynamic" href="https://www.spesati.com/frozen-foods/ice-creams">Ice cream and sweet</a>
                </li>
                <li>
                    <a class="estDynamic" href="https://www.spesati.com/frozen-foods/pasta">Pasta</a>
                </li>
                <li>
                    <a class="estDynamic" href="https://www.spesati.com/frozen-foods/fish">Fish</a>
                </li>
                <li>
                    <a class="estDynamic" href="https://www.spesati.com/frozen-foods/ready-meals">Ready meals</a>
                </li>
                <li>
                    <a class="estDynamic" href="https://www.spesati.com/frozen-foods/pizzas">Pizzas</a>
                </li>
                <li>
                    <a class="estDynamic" href="https://www.spesati.com/frozen-foods/vegetables">Vegetables and soy</a>
                </li>
            </ul>
        </li>
        <li>
            <a class="estDynamic" href="https://www.spesati.com/bread-and-pasta">
                <img src="http://cdn.spesati.com/images/menu/bread-and-pasta.png"/>
                Bread and pasta            </a>
            <i class="fa fa-angle-right" aria-hidden="true"></i>
            <ul class="sub-menu">
                <li>
                    <a class="estDynamic" href="https://www.spesati.com/bread-and-pasta/crackers">Crackers</a>
                </li>
                <li>
                    <a class="estDynamic" href="https://www.spesati.com/bread-and-pasta/rusks">Rusks</a>
                </li>
                <li>
                    <a class="estDynamic" href="https://www.spesati.com/bread-and-pasta/white-bread">White bread</a>
                </li>
                <li>
                    <a class="estDynamic" href="https://www.spesati.com/bread-and-pasta/local-bread">Local bread</a>
                </li>
                <li>
                    <a class="estDynamic" href="https://www.spesati.com/bread-and-pasta/soft-bread">Soft bread</a>
                </li>
                <li>
                    <a class="estDynamic" href="https://www.spesati.com/bread-and-pasta/sardinian-bread">Sardinian bread</a>
                </li>
                <li>
                    <a class="estDynamic" href="https://www.spesati.com/bread-and-pasta/bakery">Bakery</a>
                </li>
                <li>
                    <a class="estDynamic" href="https://www.spesati.com/bread-and-pasta/pasta">Pasta</a>
                </li>
                <li>
                    <a class="estDynamic" href="https://www.spesati.com/bread-and-pasta/fresh-pasta">Fresh pasta</a>
                </li>
            </ul>
        </li>
        <li>
            <a class="estDynamic" href="https://www.spesati.com/meat">
                <img src="http://cdn.spesati.com/images/menu/meat.png"/>
                Meat            </a>
            <i class="fa fa-angle-right" aria-hidden="true"></i>
            <ul class="sub-menu">
                <li>
                    <a class="estDynamic" href="https://www.spesati.com/meat/beef">Beef</a>
                </li>
                <li>
                    <a class="estDynamic" href="https://www.spesati.com/meat/goat">Goat</a>
                </li>
                <li>
                    <a class="estDynamic" href="https://www.spesati.com/meat/packaged-meat">Packaged meat</a>
                </li>
                <li>
                    <a class="estDynamic" href="https://www.spesati.com/meat/rabbit">Rabbit</a>
                </li>
                <li>
                    <a class="estDynamic" href="https://www.spesati.com/meat/horse">Horse</a>
                </li>
                <li>
                    <a class="estDynamic" href="https://www.spesati.com/meat/pork">Pork</a>
                </li>
                <li>
                    <a class="estDynamic" href="https://www.spesati.com/meat/lamb">Lamb</a>
                </li>
                <li>
                    <a class="estDynamic" href="https://www.spesati.com/meat/poultry">Poultry</a>
                </li>
            </ul>
        </li>
        <li>
            <a class="estDynamic" href="https://www.spesati.com/fish">
                <img src="http://cdn.spesati.com/images/menu/fish.png"/>
                Fish            </a>
            <i class="fa fa-angle-right" aria-hidden="true"></i>
            <ul class="sub-menu">
                <li>
                    <a class="estDynamic" href="https://www.spesati.com/fish/fresh-water">Fresh water</a>
                </li>
                <li>
                    <a class="estDynamic" href="https://www.spesati.com/fish/salt-water">Salt water</a>
                </li>
                <li>
                    <a class="estDynamic" href="https://www.spesati.com/fish/mussels">Mussels</a>
                </li>
                <li>
                    <a class="estDynamic" href="https://www.spesati.com/fish/dried-and-salted">Dried and salted</a>
                </li>
                <li>
                    <a class="estDynamic" href="https://www.spesati.com/fish/seafood-salad">Seafood salad</a>
                </li>
                <li>
                    <a class="estDynamic" href="https://www.spesati.com/fish/prepared">Prepared</a>
                </li>
                <li>
                    <a class="estDynamic" href="https://www.spesati.com/fish/specialty">Specialty</a>
                </li>   
                <li>
                    <a class="estDynamic" href="https://www.spesati.com/fish/tuna-and-salmon">Tuna and salmon</a>
                </li>
            </ul>
        </li>
        <li>
            <a class="estDynamic" href="https://www.spesati.com/wine-beer-and-spirits">
                <img src="http://cdn.spesati.com/images/menu/alcohol.png"/>
                Wine beer and spirits            </a>
            <i class="fa fa-angle-right" aria-hidden="true"></i>
            <ul class="sub-menu">
                <li>
                    <a class="estDynamic" href="https://www.spesati.com/wine-beer-and-spirits/spirits-and-liquors">Alcohol</a>
                </li>
                <li>
                    <a class="estDynamic" href="https://www.spesati.com/wine-beer-and-spirits/bitters">Bitters</a>
                </li>
                <li>
                    <a class="estDynamic" href="https://www.spesati.com/wine-beer-and-spirits/aperatif">Aperatifs</a>
                </li>
                <li>
                    <a class="estDynamic" href="https://www.spesati.com/wine-beer-and-spirits/beer">Beer</a>
                </li>
                <li>
                    <a class="estDynamic" href="https://www.spesati.com/wine-beer-and-spirits/creams">Creams</a>
                </li>
                <li>
                    <a class="estDynamic" href="https://www.spesati.com/wine-beer-and-spirits/spirits">Spirits</a>
                </li>
                <li>
                    <a class="estDynamic" href="https://www.spesati.com/wine-beer-and-spirits/liquors">Liquors</a>
                </li>
                <li>
                    <a class="estDynamic" href="https://www.spesati.com/wine-beer-and-spirits/white-wine">White wine</a>
                </li>
                <li>
                    <a class="estDynamic" href="https://www.spesati.com/wine-beer-and-spirits/prosecco-wine">Prosecco wine</a>
                </li>
                <li>
                    <a class="estDynamic" href="https://www.spesati.com/wine-beer-and-spirits/rose-wine">Rose wine</a>
                </li>
                <li>
                    <a class="estDynamic" href="https://www.spesati.com/wine-beer-and-spirits/red-wine">Red wine</a>
                </li>
                <li>
                    <a class="estDynamic" href="https://www.spesati.com/wine-beer-and-spirits/specialty-wine">Special wine</a>
                </li>
                <li>
                    <a class="estDynamic" href="https://www.spesati.com/wine-beer-and-spirits/sparkling-wine">Sparkling wine</a>
                </li>
                <li>
                    <a class="estDynamic" href="https://www.spesati.com/wine-beer-and-spirits/vermentino-wine">Vermentino wine</a>
                </li>
            </ul>
        </li>
        <li>
            <a class="estDynamic" href="https://www.spesati.com/water-and-drinks">
                <img src="http://cdn.spesati.com/images/menu/water-and-drinks.png"/>
                Water and drinks            </a>
            <i class="fa fa-angle-right" aria-hidden="true"></i>
            <ul class="sub-menu">
                <li>
                    <a class="estDynamic" href="https://www.spesati.com/water-and-drinks/san-martino">San Martino</a>
                </li>
                <li>
                    <a class="estDynamic" href="https://www.spesati.com/water-and-drinks/water">Water</a>
                </li>
                <li>
                    <a class="estDynamic" href="https://www.spesati.com/water-and-drinks/alpro">Alpro</a>
                </li>
                <li>
                    <a class="estDynamic" href="https://www.spesati.com/water-and-drinks/fizzy-drinks">Fizzy drinks</a>
                </li>
                <li>
                    <a class="estDynamic" href="https://www.spesati.com/water-and-drinks/coca-cola">Coca-Cola</a>
                </li>
                <li>
                    <a class="estDynamic" href="https://www.spesati.com/water-and-drinks/energy-drink">Energy drink</a>
                </li>
                <li>
                    <a class="estDynamic" href="https://www.spesati.com/water-and-drinks/syrups">Syrups</a>
                </li>
                <li>
                    <a class="estDynamic" href="https://www.spesati.com/water-and-drinks/supplements">Supplements</a>
                </li>
                <li>
                    <a class="estDynamic" href="https://www.spesati.com/water-and-drinks/instant-drinks">Instant drinks</a>
                </li>
                <li>
                    <a class="estDynamic" href="https://www.spesati.com/water-and-drinks/juice">Juice</a>
                </li>
                <li>
                    <a class="estDynamic" href="https://www.spesati.com/water-and-drinks/tea">Tea</a>
                </li>
            </ul>
        </li>
        <li>
            <a class="estDynamic" href="https://www.spesati.com/sweets">
                <img src="http://cdn.spesati.com/images/menu/sweets.png"/>
                Sweets            </a>
            <i class="fa fa-angle-right" aria-hidden="true"></i>
            <ul class="sub-menu">
                <li>
                    <a class="estDynamic" href="https://www.spesati.com/sweets/bars-and-snacks">Bars and snacks</a>
                </li>
                <li>
                    <a class="estDynamic" href="https://www.spesati.com/sweets/biscuits">Biscuits</a>
                </li>
                <li>
                    <a class="estDynamic" href="https://www.spesati.com/sweets/brioches">Brioches</a>
                </li>
                <li>
                    <a class="estDynamic" href="https://www.spesati.com/sweets/candy-and-chewing-gum">Candy and chewing gum</a>
                </li>
                <li>
                    <a class="estDynamic" href="https://www.spesati.com/sweets/cereals">Cereals</a>
                </li>
                <li>
                    <a class="estDynamic" href="https://www.spesati.com/sweets/chocolate">Chocolate</a>
                </li>
                <li>
                    <a class="estDynamic" href="https://www.spesati.com/sweets/spreadable-creams">Spreads</a>
                </li>
                <li>
                    <a class="estDynamic" href="https://www.spesati.com/sweets/dessert-toppings">Dessert toppings</a>
                </li>
                <li>
                    <a class="estDynamic" href="https://www.spesati.com/sweets/jam">Jam</a>
                </li>
                <li>
                    <a class="estDynamic" href="https://www.spesati.com/sweets/honey">Honey</a>
                </li>
                <li>
                    <a class="estDynamic" href="https://www.spesati.com/sweets/panettoni-and-pandoro">Panettone and pandoro</a>
                </li>
                <li>
                    <a class="estDynamic" href="https://www.spesati.com/sweets/pastry">Pastry</a>
                </li>
                <li>
                    <a class="estDynamic" href="https://www.spesati.com/sweets/instant-dessert">Prepared</a>
                </li>
                <li>
                    <a class="estDynamic" href="https://www.spesati.com/sweets/cakes-and-pies">Cakes and pies</a>
                </li>
                <li>
                    <a class="estDynamic" href="https://www.spesati.com/sweets/easter-eggs-and-doves">Easter eggs and doves</a>
                </li>
            </ul>
        </li>
        <li>
            <a class="estDynamic" href="https://www.spesati.com/shelf">
                <img src="http://cdn.spesati.com/images/menu/shelf.png"/>
                Cupboard            </a>
            <i class="fa fa-angle-right" aria-hidden="true"></i>
            <ul class="sub-menu">
                <li>
                    <a class="estDynamic" href="https://www.spesati.com/shelf/coffee">Coffee</a>
                </li>
                <li>
                    <a class="estDynamic" href="https://www.spesati.com/shelf/gift-baskets">Gift baskets</a>
                </li>
                <li>
                    <a class="estDynamic" href="https://www.spesati.com/shelf/stock-cubes">Nuts and preparations</a>
                </li>
                <li>
                    <a class="estDynamic" href="https://www.spesati.com/shelf/flour-and-baking">Flour and baking</a>
                </li>
                <li>
                    <a class="estDynamic" href="https://www.spesati.com/shelf/milk">Milk</a>
                </li>
                <li>
                    <a class="estDynamic" href="https://www.spesati.com/shelf/oil-salt-vinegar">Oil, vinegar and salt</a>
                </li>
                <li>
                    <a class="estDynamic" href="https://www.spesati.com/shelf/cream-and-bechamel">Cream and bechamel</a>
                </li>
                <li>
                    <a class="estDynamic" href="https://www.spesati.com/shelf/crisps-and-pretzels">Crisps and pretzels</a>
                </li>
                <li>
                    <a class="estDynamic" href="https://www.spesati.com/shelf/baby-and-infants-products">Early childhood products</a>
                </li>
                <li>
                    <a class="estDynamic" href="https://www.spesati.com/shelf/rice">Rice</a>
                </li>
                <li>
                    <a class="estDynamic" href="https://www.spesati.com/shelf/tins-and-preserves">Tins and Preserves</a>
                </li>
                <li>
                    <a class="estDynamic" href="https://www.spesati.com/shelf/spices">Spices</a>
                </li>
                <li>
                    <a class="estDynamic" href="https://www.spesati.com/shelf/sauces">Sauces</a>
                </li>
                <li>
                    <a class="estDynamic" href="https://www.spesati.com/shelf/tea-and-infusions">Tea and infusions</a>
                </li>
                <li>
                    <a class="estDynamic" href="https://www.spesati.com/shelf/eggs">Eggs</a>
                </li>
                <li>
                    <a class="estDynamic" href="https://www.spesati.com/shelf/sugar-and-sweeteners">Sugar and sweeteners</a>
                </li>
            </ul>
        </li>
        <li>
            <a class="estDynamic" href="https://www.spesati.com/personal-care">
                <img src="http://cdn.spesati.com/images/menu/personal-care.png"/>
                Personal care            </a>
            <i class="fa fa-angle-right" aria-hidden="true"></i>
            <ul class="sub-menu">
                <li>
                    <a class="estDynamic" href="https://www.spesati.com/personal-care/accessories-and-cotton">Accessories and cotton</a>
                </li>
                <li>
                    <a class="estDynamic" href="https://www.spesati.com/personal-care/feminine-care-incontinence-and-baby-diapers">Feminine incontinence and diapers</a>
                </li>
                <li>
                    <a class="estDynamic" href="https://www.spesati.com/personal-care/shower-gel">Shower gel</a>
                </li>
                <li>
                    <a class="estDynamic" href="https://www.spesati.com/personal-care/creams">Creams</a>
                </li>
                <li>
                    <a class="estDynamic" href="https://www.spesati.com/personal-care/deodorant">Deodorant</a>
                </li>
                <li>
                    <a class="estDynamic" href="https://www.spesati.com/personal-care/hair-removal">Hair removal</a>
                </li>
                <li>
                    <a class="estDynamic" href="https://www.spesati.com/personal-care/disinfectants">Disinfectants</a>
                </li>
                <li>
                    <a class="estDynamic" href="https://www.spesati.com/personal-care/oral-hygiene">Oral hygiene</a>
                </li>
                <li>
                    <a class="estDynamic" href="https://www.spesati.com/personal-care/supplements-and-multivitamins">Supplements and multivitamins</a>
                </li>
                <li>
                    <a class="estDynamic" href="https://www.spesati.com/personal-care/first-aid">First aid label</a>
                </li>
                <li>
                    <a class="estDynamic" href="https://www.spesati.com/personal-care/beard-products">Beard products</a>
                </li>
                <li>
                    <a class="estDynamic" href="https://www.spesati.com/personal-care/hairs-products">Hair products</a>
                </li>
                <li>
                    <a class="estDynamic" href="https://www.spesati.com/personal-care/perfume">Perfumes</a>
                </li>
                <li>
                    <a class="estDynamic" href="https://www.spesati.com/personal-care/wipes">Wipes</a>
                </li>
                <li>
                    <a class="estDynamic" href="https://www.spesati.com/personal-care/soaps-and-body-wash">Soaps and body wash</a>
                </li>
                <li>
                    <a class="estDynamic" href="https://www.spesati.com/personal-care/shampoo-and-conditioner">Shampoo and conditioner</a>
                </li>
            </ul>
        </li>
        <li>
            <a class="estDynamic" href="https://www.spesati.com/household-and-outdoors">
                <img src="http://cdn.spesati.com/images/menu/pellet-and-home.png"/>
                Home and outdoors 
            </a>
            <i class="fa fa-angle-right" aria-hidden="true"></i>
            <ul class="sub-menu">
                <li>
                    <a class="estDynamic" href="https://www.spesati.com/household-and-outdoors/distilled-water">Distilled water</a>
                </li>
                <li>
                    <a class="estDynamic" href="https://www.spesati.com/household-and-outdoors/car-products">Cars</a>
                </li>
                <li>
                    <a class="estDynamic" href="https://www.spesati.com/household-and-outdoors/bin-bags-and-buckets">Bin bags and buckets</a>
                </li>
                <li>
                    <a class="estDynamic" href="https://www.spesati.com/household-and-outdoors/bleach-and-stain-removers">Bleach and stain removers</a>
                </li>
                <li>
                    <a class="estDynamic" href="https://www.spesati.com/household-and-outdoors/candles">Candles</a>
                </li>
                <li>
                    <a class="estDynamic" href="https://www.spesati.com/household-and-outdoors/kitchen-roll">Kitchen roll</a>
                </li>
                <li>
                    <a class="estDynamic" href="https://www.spesati.com/household-and-outdoors/air-fresheners">Air fresheners</a>
                </li>
                <li>
                    <a class="estDynamic" href="https://www.spesati.com/household-and-outdoors/laundry-accessories-and-detergent">Laundry detergent</a>
                </li>
                <li>
                    <a class="estDynamic" href="https://www.spesati.com/household-and-outdoors/dishwasher-and-washing-up">Dishwasher and washing up</a>
                </li>
                <li>
                    <a class="estDynamic" href="https://www.spesati.com/household-and-outdoors/gardening">Gardening</a>
                </li>
                <li>
                    <a class="estDynamic" href="https://www.spesati.com/household-and-outdoors/light-bulbs-and-batteries">Lightbulbs and batteries</a>
                </li>
                <li>
                    <a class="estDynamic" href="https://www.spesati.com/household-and-outdoors/pellet-and-bbq">Pellet and BBQ</a>
                </li>
                <li>
                    <a class="estDynamic" href="https://www.spesati.com/household-and-outdoors/bathroom-products">Bathroom products</a>
                </li>
                <li>
                    <a class="estDynamic" href="https://www.spesati.com/household-and-outdoors/home-and-furniture-products">Home and furniture products</a>
                </li>
                <li>
                    <a class="estDynamic" href="https://www.spesati.com/household-and-outdoors/kitchen-products">Kitchen products</a>
                </li>
                <li>
                    <a class="estDynamic" href="https://www.spesati.com/household-and-outdoors/window-and-floor-cleaners">Window and floor cleaner</a>
                </li>
                <li>
                    <a class="estDynamic" href="https://www.spesati.com/household-and-outdoors/repellents">Repellents</a>
                </li>
                <li>
                    <a class="estDynamic" href="https://www.spesati.com/household-and-outdoors/disposable-tableware">Disposable tableware</a>
                </li>
            </ul>
        </li>
        <li>
            <a class="estDynamic" href="https://www.spesati.com/pet">
                <img src="http://cdn.spesati.com/images/menu/animals.png"/>
                Pets            </a>
            <i class="fa fa-angle-right" aria-hidden="true"></i>
            <ul class="sub-menu">
                <li>
                    <a class="estDynamic" href="https://www.spesati.com/pets/pet-food-other-animals">Other animals pet food</a>
                </li>
                <li>
                    <a class="estDynamic" href="https://www.spesati.com/pets/pet-food-dogs">Pet food dogs</a>
                </li>
                <li>
                    <a class="estDynamic" href="https://www.spesati.com/pets/pet-food-cats">Pet food cats</a>
                </li>
                <li>
                    <a class="estDynamic" href="https://www.spesati.com/pets/hygiene-and-cleaning">Hygiene and cleaning</a>
                </li>
            </ul>
        </li>
        <li>
            <a class="estDynamic" href="https://www.spesati.com/technology">
                <img src="http://cdn.spesati.com/images/menu/technology.png"/>
                Technology            </a>
            <i class="fa fa-angle-right" aria-hidden="true"></i>
            <ul class="sub-menu">
                <li>
                    <a class="estDynamic" href="https://www.spesati.com/technology/accessories">Accessories</a>
                </li>
                <li>
                    <a class="estDynamic" href="https://www.spesati.com/technology/computer">Computer</a>
                </li>
                <li>
                    <a class="estDynamic" href="https://www.spesati.com/technology/telephones">Telephones</a>
                </li>
                <li>
                    <a class="estDynamic" href="https://www.spesati.com/technology/tv">TV</a>
                </li>
            </ul>
        </li>
        <li>
            <a class="estDynamic" href="https://www.spesati.com/gluten-free">
                <img src="http://cdn.spesati.com/images/menu/gluten-free.png"/>
                Gluten free            </a>
            <i class="fa fa-angle-right" aria-hidden="true"></i>
            <ul class="sub-menu">
                <li>
                    <a class="estDynamic" href="https://www.spesati.com/gluten-free/frozen-foods">Frozen foods</a>
                </li>
                <li>
                    <a class="estDynamic" href="https://www.spesati.com/gluten-free/beer">Beer</a>
                </li>
                <li>
                    <a class="estDynamic" href="https://www.spesati.com/gluten-free/sweets">Sweets</a>
                </li>
                <li>
                    <a class="estDynamic" href="https://www.spesati.com/gluten-free/bread-and-pasta">Bread and pasta</a>
                </li>
                <li>
                    <a class="estDynamic" href="https://www.spesati.com/gluten-free/shelf">Cupboard</a>
                </li>
            </ul>
        </li>
        <li>
            <a class="estDynamic" href="https://www.spesati.com/lactose-free">
                <img src="http://cdn.spesati.com/images/menu/lactose-free.png"/>
                Lactose free            </a>
            <i class="fa fa-angle-right" aria-hidden="true"></i>
            <ul class="sub-menu">
                <li>
                    <a class="estDynamic" href="https://www.spesati.com/lactose-free/frozen-foods">Frozen foods</a>
                </li>
                <li>
                    <a class="estDynamic" href="https://www.spesati.com/lactose-free/sweets">Sweets</a>
                </li>
                <li>
                    <a class="estDynamic" href="https://www.spesati.com/lactose-free/dairy-product">Dairy product</a>
                </li>
                <li>
                    <a class="estDynamic" href="https://www.spesati.com/lactose-free/shelf">Cupboard</a>
                </li>
            </ul>
        </li>
        <li>
            <a class="estDynamic" href="https://www.spesati.com/special">
                <img src="http://cdn.spesati.com/images/menu/special.png"/>
                Special            </a>
            <i class="fa fa-angle-right" aria-hidden="true"></i>
            <ul class="sub-menu">
                <li>
                    <a class="estDynamic" href="https://www.spesati.com/special/alpro">Alpro</a>
                </li>
                <li>
                    <a class="estDynamic" href="https://www.spesati.com/special/organic">Biological</a>
                </li>
                <li>
                    <a class="estDynamic" href="https://www.spesati.com/special/meat">Meat</a>
                </li>
                <li>
                    <a class="estDynamic" href="https://www.spesati.com/special/wholegrain">Wholegrain</a>
                </li>
                <li>
                    <a class="estDynamic" href="https://www.spesati.com/special/bread-and-pasta">Bread and pasta</a>
                </li>
                <li>
                    <a class="estDynamic" href="https://www.spesati.com/special/vegan">Vegan</a>
                </li>
            </ul>
        </li>
        <li>
            <a class="estDynamic" href="https://www.spesati.com/sardinian-products">
                <img src="http://cdn.spesati.com/images/menu/sardinian-products.png"/>
                Sardinian products            </a>
            <i class="fa fa-angle-right" aria-hidden="true"></i>
            <ul class="sub-menu">
                <li>
                    <a class="estDynamic" href="https://www.spesati.com/sardinian-products/drinks">Drinks</a>
                </li>
                <li>
                    <a class="estDynamic" href="https://www.spesati.com/sardinian-products/meat">Meat</a>
                </li>
                <li>
                    <a class="estDynamic" href="https://www.spesati.com/sardinian-products/sweets">Sweets</a>
                </li>
                <li>
                    <a class="estDynamic" href="https://www.spesati.com/sardinian-products/fruit-and-vegetables">Fruit and vegetables</a>
                </li>
                <li>
                    <a class="estDynamic" href="https://www.spesati.com/sardinian-products/ichnusa">Ichnusa</a>
                </li>
                <li>
                    <a class="estDynamic" href="https://www.spesati.com/sardinian-products/dairy-product">Dairy product</a>
                </li>
                <li>
                    <a class="estDynamic" href="https://www.spesati.com/sardinian-products/bread-and-pasta">Bread and pasta</a>
                </li>
                <li>
                    <a class="estDynamic" href="https://www.spesati.com/sardinian-products/fish">Fish</a>
                </li>
                <li>
                    <a class="estDynamic" href="https://www.spesati.com/sardinian-products/cured-meat">Cured meat</a>
                </li>
                <li>
                    <a class="estDynamic" href="https://www.spesati.com/sardinian-products/shelf">Cupboard</a>
                </li>
                <li>
                    <a class="estDynamic" href="https://www.spesati.com/sardinian-products/vermentino-wine">Vermentino wine</a>
                </li>
                <li>
                    <a class="estDynamic" href="https://www.spesati.com/sardinian-products/wine-beer-and-spirits">Wine beer and spirits</a>
                </li>
            </ul>
        </li>
    </ul>
</div>    <div class="colRight">
        <div class="title mobile">
	<a href="https://www.spesati.com/household-and-outdoors"><i class="fa red fa-angle-left fa-3x mobile" aria-hidden="true"></i></a>
	<h2>
		<b>
			laundry accessories and detergent		</b>
	</h2>
</div>

<div class="breadcrumb bgGrey internal">
	<p>
		<b>
			<a href="https://www.spesati.com/">Home</a>
												&gt; <a href="https://www.spesati.com/household-and-outdoors">Home and outdoors</a>
																&gt; Laundry detergent									</b>
	</p>
	<div>
		<p>Order by</p>
		<select name="orderProd" id="orderProd">
			<option disabled="disabled" selected="selected">- Choose -</option>
			<option value="nameAsc">Name (A - Z)</option>
			<option value="nameDes">Name (Z - A)</option>
			<option value="priceHigh">Price - High to low</option>
			<option value="priceLow">Price - Low to high</option>
			<option value="soldAsc">Best Selling</option>
			<option value="available">Availability</option>
		</select>
	</div>
</div>
        <div class="containerProduct">
            <script type='text/javascript'>var track = '{"event":"ViewContent", "type":"category", "id":"Casa", "subids":["Pulizia Panni"], "url":"https://www.spesati.com/household-and-outdoors/laundry-accessories-and-detergent"}';</script>
<script>
gtag('event', 'select_content', {content_type: 'category', item_id: 'Casa'});gtag('event', 'select_content', {content_type: 'category', item_id: 'Pulizia Panni'});
</script>
<div class="left product prod1"
        data-name="Gel Mani Sanitina Antibatterico 125ml"
        data-price="2.02"
        data-id="32818"
        data-available="yes"
        data-category="8071"
        data-bestselling="">
    <a href="https://www.spesati.com/gel-mani-sanitina-antibatterico-125ml">
        <div style="background-image: url('https://cdn.spesati.com/images/products/434105/gel-mani-sanitina-01.jpg')">
            <div class="hover"></div>
            
            <div class="stickers"></div>
        </div>
    </a>
    <div>
        <h4><a href="https://www.spesati.com/gel-mani-sanitina-antibatterico-125ml"><b>Gel Mani Sanitina Antibatterico 125ml</b></a></h4>
        <p class="description">0.13 Lt</p>
        <p class="right price"><b>2.02 €</b></p>
        <p class="right unitPrice">16.13 € per litre</p>
    </div>
    <div class="contButton">
    <a class="button bgRed white addToCart" href="#">Add</a>
</div>
</div><div class="left product prod2"
        data-name="Ammor Deox Conc Van/arga 660ml"
        data-price="2.69"
        data-id="87465"
        data-available="yes"
        data-category="8071"
        data-bestselling="">
    <a href="https://www.spesati.com/ammor-deox-conc-vanarga-660ml">
        <div style="background-image: url('https://cdn.spesati.com/images/products/000818659/deox-ammorbidente-concentrato-lavatrice-vaniglia-e-argan-33-lavaggi-660-ml-01.png')">
            <div class="hover"></div>
            
            <div class="stickers"></div>
        </div>
    </a>
    <div>
        <h4><a href="https://www.spesati.com/ammor-deox-conc-vanarga-660ml"><b>Ammor Deox Conc Van/arga 660ml</b></a></h4>
        <p class="description">Deox, Ammorbidente Concentrato Lavatrice, Vaniglia e Argan, 33 Lavaggi, 660 ml</p>
        <p class="right price"><b>2.69 €</b></p>
        <p class="right unitPrice">4.07 € per litre</p>
    </div>
    <div class="contButton">
    <a class="button bgRed white addToCart" href="#">Add</a>
</div>
</div><div class="left product prod3"
        data-name="Dixan Polvere Classico 40 Mis"
        data-price="13.69"
        data-id="84278"
        data-available="yes"
        data-category="8071"
        data-bestselling="">
    <a href="https://www.spesati.com/dixan-polvere-classico-40-mis">
        <div style="background-image: url('https://cdn.spesati.com/images/products/000771030/dixan-polvere-classico-40-lavaggi-2200-kg-01.png')">
            <div class="hover"></div>
            
            <div class="stickers"></div>
        </div>
    </a>
    <div>
        <h4><a href="https://www.spesati.com/dixan-polvere-classico-40-mis"><b>Dixan Polvere Classico 40 Mis</b></a></h4>
        <p class="description">DIXAN Polvere Classico 40 lavaggi 2,200 kg</p>
        <p class="right price"><b>13.69 €</b></p>
        <p class="right unitPrice">5.71 € per kg</p>
    </div>
    <div class="contButton">
    <a class="button bgRed white addToCart" href="#">Add</a>
</div>
</div><div class="left product prod4"
        data-name="Omino B Det Lav C/igien 35lav"
        data-price="6.99"
        data-id="86272"
        data-available="yes"
        data-category="8071"
        data-bestselling="">
    <a href="https://www.spesati.com/omino-b-det-lav-cigien-35lav">
        <div style="background-image: url('https://cdn.spesati.com/images/products/000442999/omino-bianco-detersivo-lavatrice-liquido-igienizzante-35-lavaggi-1400-ml-01.png')">
            <div class="hover"></div>
            
            <div class="stickers"></div>
        </div>
    </a>
    <div>
        <h4><a href="https://www.spesati.com/omino-b-det-lav-cigien-35lav"><b>Omino B Det Lav C/igien 35lav</b></a></h4>
        <p class="description">Omino Bianco Detersivo Lavatrice Liquido Igienizzante 35 Lavaggi 1400 ml</p>
        <p class="right price"><b>6.99 €</b></p>
        <p class="right unitPrice">4.99 € per litre</p>
    </div>
    <div class="contButton">
    <a class="button bgRed white addToCart" href="#">Add</a>
</div>
</div><div class="left product prod5"
        data-name="Ammor Winnis Conc Fiori 775ml"
        data-price="2.95"
        data-id="86269"
        data-available="yes"
        data-category="8071"
        data-bestselling="1">
    <a href="https://www.spesati.com/ammor-winnis-conc-fiori-775ml">
        <div style="background-image: url('https://cdn.spesati.com/images/products/000442998/winnis-naturel-ammorbidente-concentrato-fiori-bianchi-31-lavaggi-775-ml-01.png')">
            <div class="hover"></div>
            <p class="arrow bgRed white">Best Seller</p>
            <div class="stickers"></div>
        </div>
    </a>
    <div>
        <h4><a href="https://www.spesati.com/ammor-winnis-conc-fiori-775ml"><b>Ammor Winnis Conc Fiori 775ml</b></a></h4>
        <p class="description">Winni's Naturel Ammorbidente Concentrato Fiori Bianchi 31 Lavaggi 775 ml</p>
        <p class="right price"><b>2.95 €</b></p>
        <p class="right unitPrice">3.78 € per litre</p>
    </div>
    <div class="contButton">
    <a class="button bgRed white addToCart" href="#">Add</a>
</div>
</div><div class="left product prod6"
        data-name="Bio Presto Liq Fresc 35 Lav"
        data-price="6.19"
        data-id="86481"
        data-available="yes"
        data-category="8071"
        data-bestselling="1">
    <a href="https://www.spesati.com/bio-presto-liq-fresc-35-lav">
        <div style="background-image: url('https://cdn.spesati.com/images/products/000442991/bio-presto-liquido-igiene-freschezza-35-lavaggi-1575-l-01.png')">
            <div class="hover"></div>
            <p class="arrow bgRed white">Best Seller</p>
            <div class="stickers"></div>
        </div>
    </a>
    <div>
        <h4><a href="https://www.spesati.com/bio-presto-liq-fresc-35-lav"><b>Bio Presto Liq Fresc 35 Lav</b></a></h4>
        <p class="description">BIO PRESTO Liquido Igiene & Freschezza 35 Lavaggi 1,575 l</p>
        <p class="right price"><b>6.19 €</b></p>
        <p class="right unitPrice">3.92 € per litre</p>
    </div>
    <div class="contButton">
    <a class="button bgRed white addToCart" href="#">Add</a>
</div>
</div><div class="left product prod7"
        data-name="Bio Presto Liq Class 35 Lav"
        data-price="6.19"
        data-id="86478"
        data-available="yes"
        data-category="8071"
        data-bestselling="">
    <a href="https://www.spesati.com/bio-presto-liq-class-35-lav">
        <div style="background-image: url('https://cdn.spesati.com/images/products/000442990/bio-presto-liquido-classico-35-lavaggi-1575-l-01.png')">
            <div class="hover"></div>
            
            <div class="stickers"></div>
        </div>
    </a>
    <div>
        <h4><a href="https://www.spesati.com/bio-presto-liq-class-35-lav"><b>Bio Presto Liq Class 35 Lav</b></a></h4>
        <p class="description">BIO PRESTO Liquido Classico 35 Lavaggi 1,575 l</p>
        <p class="right price"><b>6.19 €</b></p>
        <p class="right unitPrice">3.92 € per litre</p>
    </div>
    <div class="contButton">
    <a class="button bgRed white addToCart" href="#">Add</a>
</div>
</div><div class="left product prod8"
        data-name="Bio Presto Liq Colore 35lav"
        data-price="6.19"
        data-id="86475"
        data-available="yes"
        data-category="8071"
        data-bestselling="3">
    <a href="https://www.spesati.com/bio-presto-liq-colore-35lav">
        <div style="background-image: url('https://cdn.spesati.com/images/products/000442987/bio-presto-liquido-color-35-lavaggi-1575-l-01.png')">
            <div class="hover"></div>
            <p class="arrow bgRed white">Best Seller</p>
            <div class="stickers"></div>
        </div>
    </a>
    <div>
        <h4><a href="https://www.spesati.com/bio-presto-liq-colore-35lav"><b>Bio Presto Liq Colore 35lav</b></a></h4>
        <p class="description">BIO PRESTO Liquido Color 35 Lavaggi 1,575 l</p>
        <p class="right price"><b>6.19 €</b></p>
        <p class="right unitPrice">3.92 € per litre</p>
    </div>
    <div class="contButton">
    <a class="button bgRed white addToCart" href="#">Add</a>
</div>
</div><div class="left product prod9"
        data-name="Omino Bianc Addit Polv 500gr"
        data-price="5.89"
        data-id="87816"
        data-available="yes"
        data-category="8071"
        data-bestselling="">
    <a href="https://www.spesati.com/omino-bianc-addit-polv-500gr">
        <div style="background-image: url('https://cdn.spesati.com/images/products/000442959/omino-bianco-additivo-smacchiante-polvere-500-g-01.png')">
            <div class="hover"></div>
            
            <div class="stickers"></div>
        </div>
    </a>
    <div>
        <h4><a href="https://www.spesati.com/omino-bianc-addit-polv-500gr"><b>Omino Bianc Addit Polv 500gr</b></a></h4>
        <p class="description">Omino Bianco Additivo Smacchiante Polvere 500 g</p>
        <p class="right price"><b>5.89 €</b></p>
        <p class="right unitPrice">11.79 € per kg</p>
    </div>
    <div class="contButton">
    <a class="button bgRed white addToCart" href="#">Add</a>
</div>
</div><div class="left product prod10"
        data-name="Coccolino Ammor Delicat 980m"
        data-price="4.39"
        data-id="86248"
        data-available="yes"
        data-category="8071"
        data-bestselling="">
    <a href="https://www.spesati.com/coccolino-ammor-delicat-980m">
        <div style="background-image: url('https://cdn.spesati.com/images/products/000442951/coccolino-ammorbidente-concentrato-delicato-soffice-42-lavaggi-980-ml-01.png')">
            <div class="hover"></div>
            
            <div class="stickers"></div>
        </div>
    </a>
    <div>
        <h4><a href="https://www.spesati.com/coccolino-ammor-delicat-980m"><b>Coccolino Ammor Delicat 980m</b></a></h4>
        <p class="description">Coccolino Ammorbidente Concentrato Delicato & Soffice 42 Lavaggi 980 ml</p>
        <p class="right price"><b>4.39 €</b></p>
        <p class="right unitPrice">4.48 € per litre</p>
    </div>
    <div class="contButton">
    <a class="button bgRed white addToCart" href="#">Add</a>
</div>
</div><div class="left product prod11"
        data-name="Coccolino Ammor Tiare 980m"
        data-price="4.39"
        data-id="86245"
        data-available="yes"
        data-category="8071"
        data-bestselling="">
    <a href="https://www.spesati.com/coccolino-ammor-tiare-980m">
        <div style="background-image: url('https://cdn.spesati.com/images/products/000442950/coccolino-ammorbidente-concentrato-intense-care-fiori-di-tiare-frutti-rossi-42-lavaggio-980-ml-01.png')">
            <div class="hover"></div>
            
            <div class="stickers"></div>
        </div>
    </a>
    <div>
        <h4><a href="https://www.spesati.com/coccolino-ammor-tiare-980m"><b>Coccolino Ammor Tiare 980m</b></a></h4>
        <p class="description">Coccolino Ammorbidente Concentrato Intense Care Fiori di Tiarè & Frutti Rossi 42 Lavaggio 980 ml</p>
        <p class="right price"><b>4.39 €</b></p>
        <p class="right unitPrice">4.48 € per litre</p>
    </div>
    <div class="contButton">
    <a class="button bgRed white addToCart" href="#">Add</a>
</div>
</div><div class="left product prod12"
        data-name="Coccolino Ammor Sandalo 980m"
        data-price="4.39"
        data-id="86242"
        data-available="yes"
        data-category="8071"
        data-bestselling="">
    <a href="https://www.spesati.com/coccolino-ammor-sandalo-980m">
        <div style="background-image: url('https://cdn.spesati.com/images/products/000442949/coccolino-ammorbidente-concentrato-intense-care-sandalo-caprifoglio-42-lavaggi-980-ml-01.png')">
            <div class="hover"></div>
            
            <div class="stickers"></div>
        </div>
    </a>
    <div>
        <h4><a href="https://www.spesati.com/coccolino-ammor-sandalo-980m"><b>Coccolino Ammor Sandalo 980m</b></a></h4>
        <p class="description">Coccolino Ammorbidente Concentrato Intense Care Sandalo & Caprifoglio 42 Lavaggi 980 ml</p>
        <p class="right price"><b>4.39 €</b></p>
        <p class="right unitPrice">4.48 € per litre</p>
    </div>
    <div class="contButton">
    <a class="button bgRed white addToCart" href="#">Add</a>
</div>
</div><div class="left product prod13"
        data-name="Coccolino Ammor Aria Prim 980m"
        data-price="4.39"
        data-id="86239"
        data-available="yes"
        data-category="8071"
        data-bestselling="">
    <a href="https://www.spesati.com/coccolino-ammor-aria-prim-980m">
        <div style="background-image: url('https://cdn.spesati.com/images/products/000442948/coccolino-ammorbidente-concentrato-aria-di-primavera-42-lavaggi-980-ml-01.png')">
            <div class="hover"></div>
            
            <div class="stickers"></div>
        </div>
    </a>
    <div>
        <h4><a href="https://www.spesati.com/coccolino-ammor-aria-prim-980m"><b>Coccolino Ammor Aria Prim 980m</b></a></h4>
        <p class="description">Coccolino Ammorbidente Concentrato Aria di Primavera 42 Lavaggi 980 ml</p>
        <p class="right price"><b>4.39 €</b></p>
        <p class="right unitPrice">4.48 € per litre</p>
    </div>
    <div class="contButton">
    <a class="button bgRed white addToCart" href="#">Add</a>
</div>
</div><div class="left product prod14"
        data-name="Napisan Liquid Pmc Primaver 1l"
        data-price="5.45"
        data-id="86704"
        data-available="yes"
        data-category="8071"
        data-bestselling="">
    <a href="https://www.spesati.com/napisan-liquid-pmc-primaver-1l">
        <div style="background-image: url('https://cdn.spesati.com/images/products/000442942/napisan-additivo-liquido-disinfettante-profumo-di-primavera-1-l-01.png')">
            <div class="hover"></div>
            
            <div class="stickers"></div>
        </div>
    </a>
    <div>
        <h4><a href="https://www.spesati.com/napisan-liquid-pmc-primaver-1l"><b>Napisan Liquid Pmc Primaver 1l</b></a></h4>
        <p class="description">Napisan Additivo Liquido Disinfettante Profumo di Primavera 1 L</p>
        <p class="right price"><b>5.45 €</b></p>
        <p class="right unitPrice">5.45 € per litre</p>
    </div>
    <div class="contButton">
    <a class="button bgRed white addToCart" href="#">Add</a>
</div>
</div><div class="left product prod15"
        data-name="Napisan Liquido Pmc 1lt"
        data-price="5.45"
        data-id="86701"
        data-available="yes"
        data-category="8071"
        data-bestselling="">
    <a href="https://www.spesati.com/napisan-liquido-pmc-1lt">
        <div style="background-image: url('https://cdn.spesati.com/images/products/000442941/napisan-additivo-liquido-disinfettante-classico-1-l-01.png')">
            <div class="hover"></div>
            
            <div class="stickers"></div>
        </div>
    </a>
    <div>
        <h4><a href="https://www.spesati.com/napisan-liquido-pmc-1lt"><b>Napisan Liquido Pmc 1lt</b></a></h4>
        <p class="description">Napisan Additivo Liquido Disinfettante Classico 1 L</p>
        <p class="right price"><b>5.45 €</b></p>
        <p class="right unitPrice">5.45 € per litre</p>
    </div>
    <div class="contButton">
    <a class="button bgRed white addToCart" href="#">Add</a>
</div>
</div><div class="left product prod16"
        data-name="Ammor Winnis Conc Fiori 1250ml"
        data-price="4.49"
        data-id="87539"
        data-available="yes"
        data-category="8071"
        data-bestselling="">
    <a href="https://www.spesati.com/ammor-winnis-conc-fiori-1250ml">
        <div style="background-image: url('https://cdn.spesati.com/images/products/000442767/winnis-naturel-ammorbidente-concentrato-fiori-bianchi-pouch-50-lavaggi-125-l-01.png')">
            <div class="hover"></div>
            
            <div class="stickers"></div>
        </div>
    </a>
    <div>
        <h4><a href="https://www.spesati.com/ammor-winnis-conc-fiori-1250ml"><b>Ammor Winnis Conc Fiori 1250ml</b></a></h4>
        <p class="description">Winni's Naturel Ammorbidente Concentrato Fiori Bianchi pouch 50 Lavaggi 1,25 l</p>
        <p class="right price"><b>4.49 €</b></p>
        <p class="right unitPrice">3.59 € per litre</p>
    </div>
    <div class="contButton">
    <a class="button bgRed white addToCart" href="#">Add</a>
</div>
</div><div class="left product prod17"
        data-name="Det Winnis Lav Liq Color 30lav"
        data-price="7.49"
        data-id="87586"
        data-available="yes"
        data-category="8071"
        data-bestselling="">
    <a href="https://www.spesati.com/det-winnis-lav-liq-color-30lav">
        <div style="background-image: url('https://cdn.spesati.com/images/products/000442766/winnis-naturel-lavatrice-capi-colorati-fiori-darancio-e-sandalo-pouch-30-lavaggi-135-l-01.png')">
            <div class="hover"></div>
            
            <div class="stickers"></div>
        </div>
    </a>
    <div>
        <h4><a href="https://www.spesati.com/det-winnis-lav-liq-color-30lav"><b>Det Winnis Lav Liq Color 30lav</b></a></h4>
        <p class="description">Winni's Naturel Lavatrice Capi colorati Fiori d'arancio e Sandalo pouch 30 Lavaggi 1,35 l</p>
        <p class="right price"><b>7.49 €</b></p>
        <p class="right unitPrice">5.55 € per litre</p>
    </div>
    <div class="contButton">
    <a class="button bgRed white addToCart" href="#">Add</a>
</div>
</div><div class="left product prod18"
        data-name="Amm Vernel Lavan 2,97lt 45lav"
        data-price="4.35"
        data-id="87290"
        data-available="yes"
        data-category="8071"
        data-bestselling="">
    <a href="https://www.spesati.com/amm-vernel-lavan-297lt-45lav">
        <div style="background-image: url('https://cdn.spesati.com/images/products/000442713/vernel-diluito-lavanda-2970-l-01.png')">
            <div class="hover"></div>
            
            <div class="stickers"></div>
        </div>
    </a>
    <div>
        <h4><a href="https://www.spesati.com/amm-vernel-lavan-297lt-45lav"><b>Amm Vernel Lavan 2,97lt 45lav</b></a></h4>
        <p class="description">VERNEL Diluito Lavanda 2,970 L</p>
        <p class="right price"><b>4.35 €</b></p>
        <p class="right unitPrice">1.46 € per litre</p>
    </div>
    <div class="contButton">
    <a class="button bgRed white addToCart" href="#">Add</a>
</div>
</div><div class="left product prod19"
        data-name="Ammorb Vernel Blu 2,97lt 45lav"
        data-price="4.35"
        data-id="87706"
        data-available="yes"
        data-category="8071"
        data-bestselling="">
    <a href="https://www.spesati.com/ammorb-vernel-blu-297lt-45lav">
        <div style="background-image: url('https://cdn.spesati.com/images/products/000442712/vernel-diluito-blu-oxygen-2970-l-01.png')">
            <div class="hover"></div>
            
            <div class="stickers"></div>
        </div>
    </a>
    <div>
        <h4><a href="https://www.spesati.com/ammorb-vernel-blu-297lt-45lav"><b>Ammorb Vernel Blu 2,97lt 45lav</b></a></h4>
        <p class="description">VERNEL Diluito Blu Oxygen 2,970 L</p>
        <p class="right price"><b>4.35 €</b></p>
        <p class="right unitPrice">1.46 € per litre</p>
    </div>
    <div class="contButton">
    <a class="button bgRed white addToCart" href="#">Add</a>
</div>
</div><div class="left product prod20"
        data-name="Dixan Liquido Color 24 Lav"
        data-price="8.59"
        data-id="88775"
        data-available="yes"
        data-category="8071"
        data-bestselling="">
    <a href="https://www.spesati.com/dixan-liquido-color-24-lav">
        <div style="background-image: url('https://cdn.spesati.com/images/products/000442710/dixan-liquido-color-24-lavaggi-1080-ml-01.png')">
            <div class="hover"></div>
            
            <div class="stickers"></div>
        </div>
    </a>
    <div>
        <h4><a href="https://www.spesati.com/dixan-liquido-color-24-lav"><b>Dixan Liquido Color 24 Lav</b></a></h4>
        <p class="description">DIXAN Liquido Color 24 Lavaggi 1.080 ml</p>
        <p class="right price"><b>8.59 €</b></p>
        <p class="right unitPrice">8.59 € per piece</p>
    </div>
    <div class="contButton">
    <a class="button bgRed white addToCart" href="#">Add</a>
</div>
</div><div class="left product prod21"
        data-name="Dash Polvere 23mis"
        data-price="10.69"
        data-id="88760"
        data-available="yes"
        data-category="8071"
        data-bestselling="">
    <a href="https://www.spesati.com/dash-polvere-23mis">
        <div style="background-image: url('https://cdn.spesati.com/images/products/000442573/dash-power-detersivo-lavatrice-in-polvere-tecnologia-anti-residui-23-lavaggi-1150-g-01.png')">
            <div class="hover"></div>
            
            <div class="stickers"></div>
        </div>
    </a>
    <div>
        <h4><a href="https://www.spesati.com/dash-polvere-23mis"><b>Dash Polvere 23mis</b></a></h4>
        <p class="description">Dash Power Detersivo Lavatrice in Polvere, Tecnologia Anti-Residui, 23 Lavaggi 1150 g</p>
        <p class="right price"><b>10.69 €</b></p>
        <p class="right unitPrice">9.30 € per kg</p>
    </div>
    <div class="contButton">
    <a class="button bgRed white addToCart" href="#">Add</a>
</div>
</div><div class="left product prod22"
        data-name="Vernel Conc Fresh Rosa 1,15lt"
        data-price="4.09"
        data-id="87807"
        data-available="yes"
        data-category="8071"
        data-bestselling="">
    <a href="https://www.spesati.com/vernel-conc-fresh-rosa-115lt">
        <div style="background-image: url('https://cdn.spesati.com/images/products/000442536/vernel-concentrato-fresh-control-freschezza-floreale-115l-01.png')">
            <div class="hover"></div>
            
            <div class="stickers"></div>
        </div>
    </a>
    <div>
        <h4><a href="https://www.spesati.com/vernel-conc-fresh-rosa-115lt"><b>Vernel Conc Fresh Rosa 1,15lt</b></a></h4>
        <p class="description">VERNEL Concentrato Fresh Control Freschezza Floreale 1,15L</p>
        <p class="right price"><b>4.09 €</b></p>
        <p class="right unitPrice">3.55 € per litre</p>
    </div>
    <div class="contButton">
    <a class="button bgRed white addToCart" href="#">Add</a>
</div>
</div><div class="left product prod23"
        data-name="Omino B Det Lav Color+ 35lav"
        data-price="6.99"
        data-id="88591"
        data-available="yes"
        data-category="8071"
        data-bestselling="">
    <a href="https://www.spesati.com/omino-b-det-lav-color-35lav">
        <div style="background-image: url('https://cdn.spesati.com/images/products/000442510/omino-bianco-detersivo-lavatrice-liquido-color-35-lavaggi-1400-ml-01.png')">
            <div class="hover"></div>
            
            <div class="stickers"></div>
        </div>
    </a>
    <div>
        <h4><a href="https://www.spesati.com/omino-b-det-lav-color-35lav"><b>Omino B Det Lav Color+ 35lav</b></a></h4>
        <p class="description">Omino Bianco Detersivo Lavatrice Liquido Color+ 35 Lavaggi 1400 ml</p>
        <p class="right price"><b>6.99 €</b></p>
        <p class="right unitPrice">4.99 € per litre</p>
    </div>
    <div class="contButton">
    <a class="button bgRed white addToCart" href="#">Add</a>
</div>
</div><div class="left product prod24"
        data-name="Omino B Det Lav Musch Bi 35lav"
        data-price="6.99"
        data-id="86236"
        data-available="yes"
        data-category="8071"
        data-bestselling="">
    <a href="https://www.spesati.com/omino-b-det-lav-musch-bi-35lav">
        <div style="background-image: url('https://cdn.spesati.com/images/products/000442509/omino-bianco-detersivo-lavatrice-liquido-muschio-bianco-35-lavaggi-1400-ml-01.png')">
            <div class="hover"></div>
            
            <div class="stickers"></div>
        </div>
    </a>
    <div>
        <h4><a href="https://www.spesati.com/omino-b-det-lav-musch-bi-35lav"><b>Omino B Det Lav Musch Bi 35lav</b></a></h4>
        <p class="description">Omino Bianco Detersivo Lavatrice Liquido Muschio Bianco 35 Lavaggi 1400 ml</p>
        <p class="right price"><b>6.99 €</b></p>
        <p class="right unitPrice">4.99 € per litre</p>
    </div>
    <div class="contButton">
    <a class="button bgRed white addToCart" href="#">Add</a>
</div>
</div><div class="left product prod25"
        data-name="Dixan Liq Lavanda 24 Lavaggi"
        data-price="8.59"
        data-id="83918"
        data-available="yes"
        data-category="8071"
        data-bestselling="">
    <a href="https://www.spesati.com/dixan-liq-lavanda-24-lavaggi">
        <div style="background-image: url('https://cdn.spesati.com/images/products/000442486/dixan-liquido-lavanda-24-lavaggi-1080-ml-01.png')">
            <div class="hover"></div>
            
            <div class="stickers"></div>
        </div>
    </a>
    <div>
        <h4><a href="https://www.spesati.com/dixan-liq-lavanda-24-lavaggi"><b>Dixan Liq Lavanda 24 Lavaggi</b></a></h4>
        <p class="description">DIXAN Liquido Lavanda 24 Lavaggi 1.080 ml</p>
        <p class="right price"><b>8.59 €</b></p>
        <p class="right unitPrice">7.16 € per litre</p>
    </div>
    <div class="contButton">
    <a class="button bgRed white addToCart" href="#">Add</a>
</div>
</div><div class="left product prod26"
        data-name="Dixan Liq Classico 24 Lavaggi"
        data-price="8.59"
        data-id="83915"
        data-available="yes"
        data-category="8071"
        data-bestselling="1">
    <a href="https://www.spesati.com/dixan-liq-classico-24-lavaggi">
        <div style="background-image: url('https://cdn.spesati.com/images/products/000442485/dixan-liquido-classico-24-lavaggi-1080-ml-01.png')">
            <div class="hover"></div>
            <p class="arrow bgRed white">Best Seller</p>
            <div class="stickers"></div>
        </div>
    </a>
    <div>
        <h4><a href="https://www.spesati.com/dixan-liq-classico-24-lavaggi"><b>Dixan Liq Classico 24 Lavaggi</b></a></h4>
        <p class="description">DIXAN Liquido Classico 24 Lavaggi 1.080 ml</p>
        <p class="right price"><b>8.59 €</b></p>
        <p class="right unitPrice">7.16 € per litre</p>
    </div>
    <div class="contButton">
    <a class="button bgRed white addToCart" href="#">Add</a>
</div>
</div><div class="left product prod27"
        data-name="Dash Pods Power Extra Smac 19p"
        data-price="10.69"
        data-id="83870"
        data-available="yes"
        data-category="8071"
        data-bestselling="1">
    <a href="https://www.spesati.com/dash-pods-power-extra-smac-19p">
        <div style="background-image: url('https://cdn.spesati.com/images/products/000442454/dash-power-pods-detersivo-lavatrice-capsule-azione-extra-smacchiante-19-lavaggi-5187-g-01.png')">
            <div class="hover"></div>
            <p class="arrow bgRed white">Best Seller</p>
            <div class="stickers"></div>
        </div>
    </a>
    <div>
        <h4><a href="https://www.spesati.com/dash-pods-power-extra-smac-19p"><b>Dash Pods Power Extra Smac 19p</b></a></h4>
        <p class="description">Dash Power Pods Detersivo Lavatrice Capsule, Azione Extra-Smacchiante, 19 Lavaggi 518,7 g</p>
        <p class="right price"><b>10.69 €</b></p>
        <p class="right unitPrice">10.69 € per piece</p>
    </div>
    <div class="contButton">
    <a class="button bgRed white addToCart" href="#">Add</a>
</div>
</div><div class="left product prod28"
        data-name="Dash Pods Power Igien Col 19p"
        data-price="10.69"
        data-id="83867"
        data-available="yes"
        data-category="8071"
        data-bestselling="">
    <a href="https://www.spesati.com/dash-pods-power-igien-col-19p">
        <div style="background-image: url('https://cdn.spesati.com/images/products/000442453/dash-power-pods-detersivo-lavatrice-capsule-azione-extra-igienizzante-colorati-19-lavaggi-5168-g-01.png')">
            <div class="hover"></div>
            
            <div class="stickers"></div>
        </div>
    </a>
    <div>
        <h4><a href="https://www.spesati.com/dash-pods-power-igien-col-19p"><b>Dash Pods Power Igien Col 19p</b></a></h4>
        <p class="description">Dash Power Pods Detersivo Lavatrice Capsule, Azione Extra-Igienizzante Colorati, 19 Lavaggi 516,8 g</p>
        <p class="right price"><b>10.69 €</b></p>
        <p class="right unitPrice">10.69 € per piece</p>
    </div>
    <div class="contButton">
    <a class="button bgRed white addToCart" href="#">Add</a>
</div>
</div><div class="left product prod29"
        data-name="Dash Pods Power Igien 19pz"
        data-price="10.69"
        data-id="83864"
        data-available="yes"
        data-category="8071"
        data-bestselling="">
    <a href="https://www.spesati.com/dash-pods-power-igien-19pz">
        <div style="background-image: url('https://cdn.spesati.com/images/products/000442452/dash-power-pods-detersivo-lavatrice-capsule-azione-extra-igienizzante-19-lavaggi-5168g-01.png')">
            <div class="hover"></div>
            
            <div class="stickers"></div>
        </div>
    </a>
    <div>
        <h4><a href="https://www.spesati.com/dash-pods-power-igien-19pz"><b>Dash Pods Power Igien 19pz</b></a></h4>
        <p class="description">Dash Power Pods Detersivo Lavatrice Capsule, Azione Extra-Igienizzante, 19 Lavaggi 516,8g</p>
        <p class="right price"><b>10.69 €</b></p>
        <p class="right unitPrice">10.69 € per piece</p>
    </div>
    <div class="contButton">
    <a class="button bgRed white addToCart" href="#">Add</a>
</div>
</div><div class="left product prod30"
        data-name="Lenor Portofino 40lav"
        data-price="5.15"
        data-id="87257"
        data-available="yes"
        data-category="8071"
        data-bestselling="">
    <a href="https://www.spesati.com/lenor-portofino-40lav">
        <div style="background-image: url('https://cdn.spesati.com/images/products/000442450/lenor-ammorbidente-lavatrice-concentrato-atmosfere-ditalia-portofino-40-lavaggi-840-ml-01.png')">
            <div class="hover"></div>
            
            <div class="stickers"></div>
        </div>
    </a>
    <div>
        <h4><a href="https://www.spesati.com/lenor-portofino-40lav"><b>Lenor Portofino 40lav</b></a></h4>
        <p class="description">Lenor Ammorbidente Lavatrice Concentrato, Atmosfere d'Italia Portofino, 40 Lavaggi 840 ml</p>
        <p class="right price"><b>5.15 €</b></p>
        <p class="right unitPrice">6.14 € per litre</p>
    </div>
    <div class="contButton">
    <a class="button bgRed white addToCart" href="#">Add</a>
</div>
</div><div class="left product prod31"
        data-name="Lenor Capri 40lav"
        data-price="5.15"
        data-id="87254"
        data-available="yes"
        data-category="8071"
        data-bestselling="">
    <a href="https://www.spesati.com/lenor-capri-40lav">
        <div style="background-image: url('https://cdn.spesati.com/images/products/000442449/lenor-ammorbidente-lavatrice-concentrato-atmosfere-ditalia-capri-40-lavaggi-840-ml-01.png')">
            <div class="hover"></div>
            
            <div class="stickers"></div>
        </div>
    </a>
    <div>
        <h4><a href="https://www.spesati.com/lenor-capri-40lav"><b>Lenor Capri 40lav</b></a></h4>
        <p class="description">Lenor Ammorbidente Lavatrice Concentrato, Atmosfere d'Italia Capri, 40 Lavaggi 840 ml</p>
        <p class="right price"><b>5.15 €</b></p>
        <p class="right unitPrice">6.14 € per litre</p>
    </div>
    <div class="contButton">
    <a class="button bgRed white addToCart" href="#">Add</a>
</div>
</div><div class="left product prod32"
        data-name="Lenor Ametista/bouquet 40lav"
        data-price="5.15"
        data-id="87251"
        data-available="yes"
        data-category="8071"
        data-bestselling="1">
    <a href="https://www.spesati.com/lenor-ametistabouquet-40lav">
        <div style="background-image: url('https://cdn.spesati.com/images/products/000442448/lenor-ammorbidente-lavatrice-concentrato-ametista-rosa-e-note-di-muschio-40-lavaggi-840-ml-01.png')">
            <div class="hover"></div>
            <p class="arrow bgRed white">Best Seller</p>
            <div class="stickers"></div>
        </div>
    </a>
    <div>
        <h4><a href="https://www.spesati.com/lenor-ametistabouquet-40lav"><b>Lenor Ametista/bouquet 40lav</b></a></h4>
        <p class="description">Lenor Ammorbidente Lavatrice Concentrato, Ametista Rosa e Note di Muschio, 40 Lavaggi 840 ml</p>
        <p class="right price"><b>5.15 €</b></p>
        <p class="right unitPrice">6.14 € per litre</p>
    </div>
    <div class="contButton">
    <a class="button bgRed white addToCart" href="#">Add</a>
</div>
</div><div class="left product prod33"
        data-name="Lenor Gelsomino Scarlat 40lav"
        data-price="5.15"
        data-id="87248"
        data-available="yes"
        data-category="8071"
        data-bestselling="">
    <a href="https://www.spesati.com/lenor-gelsomino-scarlat-40lav">
        <div style="background-image: url('https://cdn.spesati.com/images/products/000442447/lenor-ammorbidente-lavatrice-concentrato-gelsomino-scarlatto-e-rose-de-mai-40-lavaggi-840-ml-01.png')">
            <div class="hover"></div>
            
            <div class="stickers"></div>
        </div>
    </a>
    <div>
        <h4><a href="https://www.spesati.com/lenor-gelsomino-scarlat-40lav"><b>Lenor Gelsomino Scarlat 40lav</b></a></h4>
        <p class="description">Lenor Ammorbidente Lavatrice Concentrato, Gelsomino Scarlatto e Rose de Mai, 40 Lavaggi 840 ml</p>
        <p class="right price"><b>5.15 €</b></p>
        <p class="right unitPrice">6.14 € per litre</p>
    </div>
    <div class="contButton">
    <a class="button bgRed white addToCart" href="#">Add</a>
</div>
</div><div class="left product prod34"
        data-name="Lenor Oro/fiori 40lav"
        data-price="5.15"
        data-id="87245"
        data-available="yes"
        data-category="8071"
        data-bestselling="">
    <a href="https://www.spesati.com/lenor-orofiori-40lav">
        <div style="background-image: url('https://cdn.spesati.com/images/products/000442446/lenor-ammorbidente-lavatrice-concentrato-oro-e-fiori-di-vaniglia-40-lavaggi-840-ml-01.png')">
            <div class="hover"></div>
            
            <div class="stickers"></div>
        </div>
    </a>
    <div>
        <h4><a href="https://www.spesati.com/lenor-orofiori-40lav"><b>Lenor Oro/fiori 40lav</b></a></h4>
        <p class="description">Lenor Ammorbidente Lavatrice Concentrato, Oro e Fiori di Vaniglia, 40 Lavaggi 840 ml</p>
        <p class="right price"><b>5.15 €</b></p>
        <p class="right unitPrice">6.14 € per litre</p>
    </div>
    <div class="contButton">
    <a class="button bgRed white addToCart" href="#">Add</a>
</div>
</div><div class="left product prod35"
        data-name="Lenor Risv Primaverile 40lav"
        data-price="5.15"
        data-id="87242"
        data-available="yes"
        data-category="8071"
        data-bestselling="">
    <a href="https://www.spesati.com/lenor-risv-primaverile-40lav">
        <div style="background-image: url('https://cdn.spesati.com/images/products/000442445/lenor-ammorbidente-lavatrice-concentrato-risveglio-primaverile-40-lavaggi-840-ml-01.png')">
            <div class="hover"></div>
            
            <div class="stickers"></div>
        </div>
    </a>
    <div>
        <h4><a href="https://www.spesati.com/lenor-risv-primaverile-40lav"><b>Lenor Risv Primaverile 40lav</b></a></h4>
        <p class="description">Lenor Ammorbidente Lavatrice Concentrato, Risveglio Primaverile, 40 Lavaggi 840 ml</p>
        <p class="right price"><b>5.15 €</b></p>
        <p class="right unitPrice">6.14 € per litre</p>
    </div>
    <div class="contButton">
    <a class="button bgRed white addToCart" href="#">Add</a>
</div>
</div><div class="left product prod36"
        data-name="Lenor Elisir Calabria 25lav"
        data-price="3.95"
        data-id="87239"
        data-available="yes"
        data-category="8071"
        data-bestselling="">
    <a href="https://www.spesati.com/lenor-elisir-calabria-25lav">
        <div style="background-image: url('https://cdn.spesati.com/images/products/000442443/lenor-elisir-ammorbidente-lavatrice-concentrato-sogno-di-calabria-25-lavaggi-525-ml-01.png')">
            <div class="hover"></div>
            
            <div class="stickers"></div>
        </div>
    </a>
    <div>
        <h4><a href="https://www.spesati.com/lenor-elisir-calabria-25lav"><b>Lenor Elisir Calabria 25lav</b></a></h4>
        <p class="description">Lenor Elisir Ammorbidente Lavatrice Concentrato, Sogno di Calabria, 25 Lavaggi 525 ml</p>
        <p class="right price"><b>3.95 €</b></p>
        <p class="right unitPrice">7.45 € per litre</p>
    </div>
    <div class="contButton">
    <a class="button bgRed white addToCart" href="#">Add</a>
</div>
</div><div class="left product prod37"
        data-name="Dash Liquido Blu Colore 21lav 2"
        data-price="9.69"
        data-id="83858"
        data-available="yes"
        data-category="8071"
        data-bestselling="">
    <a href="https://www.spesati.com/dash-liquido-blu-colore-21lav-2">
        <div style="background-image: url('https://cdn.spesati.com/images/products/000442432/dash-detersivo-liquido-lavatrice-salvacolore-21-lavaggi-1050-ml-01.png')">
            <div class="hover"></div>
            
            <div class="stickers"></div>
        </div>
    </a>
    <div>
        <h4><a href="https://www.spesati.com/dash-liquido-blu-colore-21lav-2"><b>Dash Liquido Blu Colore 21lav 2</b></a></h4>
        <p class="description">Dash Detersivo Liquido Lavatrice, Salvacolore, 21 Lavaggi 1050 ml</p>
        <p class="right price"><b>9.69 €</b></p>
        <p class="right unitPrice">9.69 € per piece</p>
    </div>
    <div class="contButton">
    <a class="button bgRed white addToCart" href="#">Add</a>
</div>
</div><div class="left product prod38"
        data-name="Dash Liquido Reg Class 21lav 2"
        data-price="9.69"
        data-id="83855"
        data-available="yes"
        data-category="8071"
        data-bestselling="1">
    <a href="https://www.spesati.com/dash-liquido-reg-class-21lav-2">
        <div style="background-image: url('https://cdn.spesati.com/images/products/000442431/dash-detersivo-liquido-lavatrice-classico-21-lavaggi-1050-ml-01.png')">
            <div class="hover"></div>
            <p class="arrow bgRed white">Best Seller</p>
            <div class="stickers"></div>
        </div>
    </a>
    <div>
        <h4><a href="https://www.spesati.com/dash-liquido-reg-class-21lav-2"><b>Dash Liquido Reg Class 21lav 2</b></a></h4>
        <p class="description">Dash Detersivo Liquido Lavatrice, Classico, 21 Lavaggi 1050 ml</p>
        <p class="right price"><b>9.69 €</b></p>
        <p class="right unitPrice">9.69 € per piece</p>
    </div>
    <div class="contButton">
    <a class="button bgRed white addToCart" href="#">Add</a>
</div>
</div><div class="left product prod39"
        data-name="Vernel Conc Fresh Blu 1,15lt"
        data-price="4.09"
        data-id="87804"
        data-available="yes"
        data-category="8071"
        data-bestselling="">
    <a href="https://www.spesati.com/vernel-conc-fresh-blu-115lt">
        <div style="background-image: url('https://cdn.spesati.com/images/products/000442373/vernel-concentrato-fresh-control-blu-115l-01.png')">
            <div class="hover"></div>
            
            <div class="stickers"></div>
        </div>
    </a>
    <div>
        <h4><a href="https://www.spesati.com/vernel-conc-fresh-blu-115lt"><b>Vernel Conc Fresh Blu 1,15lt</b></a></h4>
        <p class="description">VERNEL Concentrato Fresh Control Blu 1,15L</p>
        <p class="right price"><b>4.09 €</b></p>
        <p class="right unitPrice">3.55 € per litre</p>
    </div>
    <div class="contButton">
    <a class="button bgRed white addToCart" href="#">Add</a>
</div>
</div><div class="left product prod40"
        data-name="Sole Lavatrice Polvere 26mis"
        data-price="4.99"
        data-id="80416"
        data-available="yes"
        data-category="8071"
        data-bestselling="">
    <a href="https://www.spesati.com/sole-lavatrice-polvere-26mis">
        <div style="background-image: url('https://cdn.spesati.com/images/products/000442218/sole-polvere-lavatrice-bianco-splendente-26-lavaggi-13-kg-01.png')">
            <div class="hover"></div>
            
            <div class="stickers"></div>
        </div>
    </a>
    <div>
        <h4><a href="https://www.spesati.com/sole-lavatrice-polvere-26mis"><b>Sole Lavatrice Polvere 26mis</b></a></h4>
        <p class="description">Sole Polvere lavatrice Bianco Splendente 26 lavaggi 1,3 kg</p>
        <p class="right price"><b>4.99 €</b></p>
        <p class="right unitPrice">3.84 € per kg</p>
    </div>
    <div class="contButton">
    <a class="button bgRed white addToCart" href="#">Add</a>
</div>
</div><div class="left product prod41"
        data-name="Vernel Conc At Frangip 1,15lt"
        data-price="4.09"
        data-id="79200"
        data-available="yes"
        data-category="8071"
        data-bestselling="2">
    <a href="https://www.spesati.com/vernel-conc-at-frangip-115lt">
        <div style="background-image: url('https://cdn.spesati.com/images/products/000442156/vernel-concentrato-aromatherapy-fascino-di-frangipani-115l-01.png')">
            <div class="hover"></div>
            <p class="arrow bgRed white">Best Seller</p>
            <div class="stickers"></div>
        </div>
    </a>
    <div>
        <h4><a href="https://www.spesati.com/vernel-conc-at-frangip-115lt"><b>Vernel Conc At Frangip 1,15lt</b></a></h4>
        <p class="description">VERNEL Concentrato Aromatherapy Fascino di Frangipani 1,15L</p>
        <p class="right price"><b>4.09 €</b></p>
        <p class="right unitPrice">3.55 € per litre</p>
    </div>
    <div class="contButton">
    <a class="button bgRed white addToCart" href="#">Add</a>
</div>
</div><div class="left product prod42"
        data-name="Vernel Conc At Patchou 1,15lt"
        data-price="4.09"
        data-id="79197"
        data-available="yes"
        data-category="8071"
        data-bestselling="">
    <a href="https://www.spesati.com/vernel-conc-at-patchou-115lt">
        <div style="background-image: url('https://cdn.spesati.com/images/products/000442155/vernel-concentrato-aromatherapy-sogni-di-loto-115l-01.png')">
            <div class="hover"></div>
            
            <div class="stickers"></div>
        </div>
    </a>
    <div>
        <h4><a href="https://www.spesati.com/vernel-conc-at-patchou-115lt"><b>Vernel Conc At Patchou 1,15lt</b></a></h4>
        <p class="description">VERNEL Concentrato Aromatherapy Sogni di Loto 1,15L</p>
        <p class="right price"><b>4.09 €</b></p>
        <p class="right unitPrice">3.55 € per litre</p>
    </div>
    <div class="contButton">
    <a class="button bgRed white addToCart" href="#">Add</a>
</div>
</div><div class="left product prod43"
        data-name="Vernel Conc Blu Oxigen 1,2lt"
        data-price="4.09"
        data-id="87801"
        data-available="yes"
        data-category="8071"
        data-bestselling="">
    <a href="https://www.spesati.com/vernel-conc-blu-oxigen-12lt">
        <div style="background-image: url('https://cdn.spesati.com/images/products/000442152/vernel-concentrato-blu-oxygen-12l-01.png')">
            <div class="hover"></div>
            
            <div class="stickers"></div>
        </div>
    </a>
    <div>
        <h4><a href="https://www.spesati.com/vernel-conc-blu-oxigen-12lt"><b>Vernel Conc Blu Oxigen 1,2lt</b></a></h4>
        <p class="description">VERNEL Concentrato Blu Oxygen 1,2L</p>
        <p class="right price"><b>4.09 €</b></p>
        <p class="right unitPrice">3.40 € per litre</p>
    </div>
    <div class="contButton">
    <a class="button bgRed white addToCart" href="#">Add</a>
</div>
</div><div class="left product prod44"
        data-name="Vernel Concentr Lavanda 1,2lt"
        data-price="4.09"
        data-id="87798"
        data-available="yes"
        data-category="8071"
        data-bestselling="">
    <a href="https://www.spesati.com/vernel-concentr-lavanda-12lt">
        <div style="background-image: url('https://cdn.spesati.com/images/products/000442151/vernel-concentrato-lavanda-12l-01.png')">
            <div class="hover"></div>
            
            <div class="stickers"></div>
        </div>
    </a>
    <div>
        <h4><a href="https://www.spesati.com/vernel-concentr-lavanda-12lt"><b>Vernel Concentr Lavanda 1,2lt</b></a></h4>
        <p class="description">VERNEL Concentrato Lavanda 1,2L</p>
        <p class="right price"><b>4.09 €</b></p>
        <p class="right unitPrice">3.40 € per litre</p>
    </div>
    <div class="contButton">
    <a class="button bgRed white addToCart" href="#">Add</a>
</div>
</div><div class="left product prod45"
        data-name="General Liq Colore 44lav"
        data-price="5.59"
        data-id="79571"
        data-available="yes"
        data-category="8071"
        data-bestselling="2">
    <a href="https://www.spesati.com/general-liq-colore-44lav">
        <div style="background-image: url('https://cdn.spesati.com/images/products/000442127/general-color-nuova-formula-5in1-198-l-01.png')">
            <div class="hover"></div>
            <p class="arrow bgRed white">Best Seller</p>
            <div class="stickers"></div>
        </div>
    </a>
    <div>
        <h4><a href="https://www.spesati.com/general-liq-colore-44lav"><b>General Liq Colore 44lav</b></a></h4>
        <p class="description">General Color Nuova Formula 5in1 1,98 l</p>
        <p class="right price"><b>5.59 €</b></p>
        <p class="right unitPrice">2.82 € per litre</p>
    </div>
    <div class="contButton">
    <a class="button bgRed white addToCart" href="#">Add</a>
</div>
</div><div class="left product prod46"
        data-name="General Liq Universale 44lav"
        data-price="5.59"
        data-id="79568"
        data-available="yes"
        data-category="8071"
        data-bestselling="1">
    <a href="https://www.spesati.com/general-liq-universale-44lav">
        <div style="background-image: url('https://cdn.spesati.com/images/products/000442126/general-universale-nuova-formula-5in1-198-l-01.png')">
            <div class="hover"></div>
            <p class="arrow bgRed white">Best Seller</p>
            <div class="stickers"></div>
        </div>
    </a>
    <div>
        <h4><a href="https://www.spesati.com/general-liq-universale-44lav"><b>General Liq Universale 44lav</b></a></h4>
        <p class="description">General Universale Nuova Formula 5in1 1,98 l</p>
        <p class="right price"><b>5.59 €</b></p>
        <p class="right unitPrice">2.82 € per litre</p>
    </div>
    <div class="contButton">
    <a class="button bgRed white addToCart" href="#">Add</a>
</div>
</div><div class="left product prod47"
        data-name="Det Chantecl Lav Musc Bian 28m"
        data-price="5.89"
        data-id="78592"
        data-available="yes"
        data-category="8071"
        data-bestselling="">
    <a href="https://www.spesati.com/det-chantecl-lav-musc-bian-28m">
        <div style="background-image: url('https://cdn.spesati.com/images/products/000442062/chanteclair-lavatrice-muschio-bianco-1260-ml-01.png')">
            <div class="hover"></div>
            
            <div class="stickers"></div>
        </div>
    </a>
    <div>
        <h4><a href="https://www.spesati.com/det-chantecl-lav-musc-bian-28m"><b>Det Chantecl Lav Musc Bian 28m</b></a></h4>
        <p class="description">Chanteclair Lavatrice Muschio Bianco 1260 ml</p>
        <p class="right price"><b>5.89 €</b></p>
        <p class="right unitPrice">4.67 € per litre</p>
    </div>
    <div class="contButton">
    <a class="button bgRed white addToCart" href="#">Add</a>
</div>
</div><div class="left product prod48"
        data-name="Det Chantecl Lavatr Marsigl 28"
        data-price="5.89"
        data-id="78589"
        data-available="yes"
        data-category="8071"
        data-bestselling="1">
    <a href="https://www.spesati.com/det-chantecl-lavatr-marsigl-28">
        <div style="background-image: url('https://cdn.spesati.com/images/products/000442061/chanteclair-lavatrice-marsiglia-1260-ml-01.png')">
            <div class="hover"></div>
            <p class="arrow bgRed white">Best Seller</p>
            <div class="stickers"></div>
        </div>
    </a>
    <div>
        <h4><a href="https://www.spesati.com/det-chantecl-lavatr-marsigl-28"><b>Det Chantecl Lavatr Marsigl 28</b></a></h4>
        <p class="description">Chanteclair Lavatrice Marsiglia 1260 ml</p>
        <p class="right price"><b>5.89 €</b></p>
        <p class="right unitPrice">4.67 € per litre</p>
    </div>
    <div class="contButton">
    <a class="button bgRed white addToCart" href="#">Add</a>
</div>
</div><div class="left product prod49"
        data-name="Perlana Renew Neri 24lav"
        data-price="5.39"
        data-id="78586"
        data-available="yes"
        data-category="8071"
        data-bestselling="">
    <a href="https://www.spesati.com/perlana-renew-neri-24lav">
        <div style="background-image: url('https://cdn.spesati.com/images/products/000442050/perlana-renew-neri-24-lavaggi-1440-ml-01.png')">
            <div class="hover"></div>
            
            <div class="stickers"></div>
        </div>
    </a>
    <div>
        <h4><a href="https://www.spesati.com/perlana-renew-neri-24lav"><b>Perlana Renew Neri 24lav</b></a></h4>
        <p class="description">PERLANA Renew Neri 24 Lavaggi 1.440 mL</p>
        <p class="right price"><b>5.39 €</b></p>
        <p class="right unitPrice">3.75 € per litre</p>
    </div>
    <div class="contButton">
    <a class="button bgRed white addToCart" href="#">Add</a>
</div>
</div><div class="left product prod50"
        data-name="Perlana Renew Rosa 24lav"
        data-price="5.39"
        data-id="78583"
        data-available="yes"
        data-category="8071"
        data-bestselling="">
    <a href="https://www.spesati.com/perlana-renew-rosa-24lav">
        <div style="background-image: url('https://cdn.spesati.com/images/products/000442049/perlana-renew-lana-24-lavaggi-1440-ml-01.png')">
            <div class="hover"></div>
            
            <div class="stickers"></div>
        </div>
    </a>
    <div>
        <h4><a href="https://www.spesati.com/perlana-renew-rosa-24lav"><b>Perlana Renew Rosa 24lav</b></a></h4>
        <p class="description">PERLANA Renew Lana 24 Lavaggi 1.440 mL</p>
        <p class="right price"><b>5.39 €</b></p>
        <p class="right unitPrice">3.75 € per litre</p>
    </div>
    <div class="contButton">
    <a class="button bgRed white addToCart" href="#">Add</a>
</div>
</div><div class="left product prod51"
        data-name="Ammorb Deox Conc Primav 660ml"
        data-price="2.69"
        data-id="87432"
        data-available="yes"
        data-category="8071"
        data-bestselling="2">
    <a href="https://www.spesati.com/ammorb-deox-conc-primav-660ml">
        <div style="background-image: url('https://cdn.spesati.com/images/products/000440655/deox-ammorbidente-concentrato-lavatrice-fiori-di-primavera-33-lavaggi-660-ml-01.png')">
            <div class="hover"></div>
            <p class="arrow bgRed white">Best Seller</p>
            <div class="stickers"></div>
        </div>
    </a>
    <div>
        <h4><a href="https://www.spesati.com/ammorb-deox-conc-primav-660ml"><b>Ammorb Deox Conc Primav 660ml</b></a></h4>
        <p class="description">Deox, Ammorbidente Concentrato Lavatrice, Fiori di Primavera, 33 Lavaggi, 660 ml</p>
        <p class="right price"><b>2.69 €</b></p>
        <p class="right unitPrice">4.07 € per litre</p>
    </div>
    <div class="contButton">
    <a class="button bgRed white addToCart" href="#">Add</a>
</div>
</div><div class="left product prod52"
        data-name="Fabuloso Amm Conc Fresco 1.25l"
        data-price="6.45"
        data-id="70050"
        data-available="yes"
        data-category="8071"
        data-bestselling="2">
    <a href="https://www.spesati.com/fabuloso-amm-conc-fresco-125l">
        <div style="background-image: url('https://cdn.spesati.com/images/products/000440535/fabuloso-ammorbidente-concentrato-fresco-mattino-54-lavaggi-125-l-01.png')">
            <div class="hover"></div>
            <p class="arrow bgRed white">Best Seller</p>
            <div class="stickers"></div>
        </div>
    </a>
    <div>
        <h4><a href="https://www.spesati.com/fabuloso-amm-conc-fresco-125l"><b>Fabuloso Amm Conc Fresco 1.25l</b></a></h4>
        <p class="description">Fabuloso ammorbidente concentrato Fresco Mattino 54 lavaggi 1,25 L</p>
        <p class="right price"><b>6.45 €</b></p>
        <p class="right unitPrice">5.16 € per litre</p>
    </div>
    <div class="contButton">
    <a class="button bgRed white addToCart" href="#">Add</a>
</div>
</div><div class="left product prod53"
        data-name="Fabulos Amm Conc Magn/lav 1,25"
        data-price="6.45"
        data-id="70047"
        data-available="yes"
        data-category="8071"
        data-bestselling="1">
    <a href="https://www.spesati.com/fabulos-amm-conc-magnlav-125">
        <div style="background-image: url('https://cdn.spesati.com/images/products/000440534/fabuloso-ammorbidente-concentrato-profumato-magnolia-125-l-01.png')">
            <div class="hover"></div>
            <p class="arrow bgRed white">Best Seller</p>
            <div class="stickers"></div>
        </div>
    </a>
    <div>
        <h4><a href="https://www.spesati.com/fabulos-amm-conc-magnlav-125"><b>Fabulos Amm Conc Magn/lav 1,25</b></a></h4>
        <p class="description">Fabuloso ammorbidente concentrato profumato Magnolia 1,25 L</p>
        <p class="right price"><b>6.45 €</b></p>
        <p class="right unitPrice">5.16 € per litre</p>
    </div>
    <div class="contButton">
    <a class="button bgRed white addToCart" href="#">Add</a>
</div>
</div><div class="left product prod54"
        data-name="Coccolino Aria Primavera 3+1lt"
        data-price="6.99"
        data-id="65163"
        data-available="yes"
        data-category="8071"
        data-bestselling="1">
    <a href="https://www.spesati.com/coccolino-aria-primavera-31lt">
        <div style="background-image: url('https://cdn.spesati.com/images/products/000435111/coccolino-ammorbidente-aria-di-primavera-3-litri-01.png')">
            <div class="hover"></div>
            <p class="arrow bgRed white">Best Seller</p>
            <div class="stickers"></div>
        </div>
    </a>
    <div>
        <h4><a href="https://www.spesati.com/coccolino-aria-primavera-31lt"><b>Coccolino Aria Primavera 3+1lt</b></a></h4>
        <p class="description">Coccolino Ammorbidente Aria di Primavera 3 Litri</p>
        <p class="right price"><b>6.99 €</b></p>
        <p class="right unitPrice">1.74 € per litre</p>
    </div>
    <div class="contButton">
    <a class="button bgRed white addToCart" href="#">Add</a>
</div>
</div><div class="left product prod55"
        data-name="Vanish Rosa Gel 725ml"
        data-price="5.79"
        data-id="62910"
        data-available="yes"
        data-category="8071"
        data-bestselling="">
    <a href="https://www.spesati.com/vanish-rosa-gel-725ml">
        <div style="background-image: url('https://cdn.spesati.com/images/products/000434636/vanish-oxi-action-gel-rosa-smacchiatore-bucato-750ml-01.png')">
            <div class="hover"></div>
            
            <div class="stickers"></div>
        </div>
    </a>
    <div>
        <h4><a href="https://www.spesati.com/vanish-rosa-gel-725ml"><b>Vanish Rosa Gel 725ml</b></a></h4>
        <p class="description">Vanish Oxi Action Gel Rosa Smacchiatore bucato 750ml</p>
        <p class="right price"><b>5.79 €</b></p>
        <p class="right unitPrice">7.93 € per litre</p>
    </div>
    <div class="contButton">
    <a class="button bgRed white addToCart" href="#">Add</a>
</div>
</div><div class="left product prod56"
        data-name="Vanish Rosa Polvere 500gr"
        data-price="5.79"
        data-id="62907"
        data-available="yes"
        data-category="8071"
        data-bestselling="">
    <a href="https://www.spesati.com/vanish-rosa-polvere-500gr">
        <div style="background-image: url('https://cdn.spesati.com/images/products/000434635/vanish-oxi-action-polvere-rosa-smacchiatore-bucato-500g-01.png')">
            <div class="hover"></div>
            
            <div class="stickers"></div>
        </div>
    </a>
    <div>
        <h4><a href="https://www.spesati.com/vanish-rosa-polvere-500gr"><b>Vanish Rosa Polvere 500gr</b></a></h4>
        <p class="description">Vanish Oxi Action Polvere rosa Smacchiatore bucato 500g</p>
        <p class="right price"><b>5.79 €</b></p>
        <p class="right unitPrice">11.58 € per kg</p>
    </div>
    <div class="contButton">
    <a class="button bgRed white addToCart" href="#">Add</a>
</div>
</div><div class="left product prod57"
        data-name="Deox Det Lav Liq Classic 24lav"
        data-price="6.29"
        data-id="87417"
        data-available="yes"
        data-category="8071"
        data-bestselling="1">
    <a href="https://www.spesati.com/deox-det-lav-liq-classic-24lav">
        <div style="background-image: url('https://cdn.spesati.com/images/products/000434079/deox-lavatrice-classico-profumo-di-pulito-24-lav-1200-ml-01.png')">
            <div class="hover"></div>
            <p class="arrow bgRed white">Best Seller</p>
            <div class="stickers"></div>
        </div>
    </a>
    <div>
        <h4><a href="https://www.spesati.com/deox-det-lav-liq-classic-24lav"><b>Deox Det Lav Liq Classic 24lav</b></a></h4>
        <p class="description">Deox Lavatrice Classico Profumo di Pulito, 24 lav, 1200 ml</p>
        <p class="right price"><b>6.29 €</b></p>
        <p class="right unitPrice">5.25 € per litre</p>
    </div>
    <div class="contButton">
    <a class="button bgRed white addToCart" href="#">Add</a>
</div>
</div><div class="left product prod58"
        data-name="Stirabene Naturale 480ml"
        data-price="2.79"
        data-id="61257"
        data-available="yes"
        data-category="8071"
        data-bestselling="">
    <a href="https://www.spesati.com/stirabene-naturale-480ml">
        <div style="background-image: url('https://cdn.spesati.com/images/products/000434023/emulsio-naturale-stira-bene-pelli-sensibili-480-ml-01.png')">
            <div class="hover"></div>
            
            <div class="stickers"></div>
        </div>
    </a>
    <div>
        <h4><a href="https://www.spesati.com/stirabene-naturale-480ml"><b>Stirabene Naturale 480ml</b></a></h4>
        <p class="description">Emulsio naturale Stira Bene Pelli Sensibili 480 ml</p>
        <p class="right price"><b>2.79 €</b></p>
        <p class="right unitPrice">5.81 € per litre</p>
    </div>
    <div class="contButton">
    <a class="button bgRed white addToCart" href="#">Add</a>
</div>
</div><div class="left product prod59"
        data-name="Lenor Perle Primaverile 210gr"
        data-price="6.95"
        data-id="78467"
        data-available="yes"
        data-category="8071"
        data-bestselling="">
    <a href="https://www.spesati.com/lenor-perle-primaverile-210gr">
        <div style="background-image: url('https://cdn.spesati.com/images/products/000318997/lenor-profumo-per-il-bucato-risveglio-primaverile-210-g-01.png')">
            <div class="hover"></div>
            
            <div class="stickers"></div>
        </div>
    </a>
    <div>
        <h4><a href="https://www.spesati.com/lenor-perle-primaverile-210gr"><b>Lenor Perle Primaverile 210gr</b></a></h4>
        <p class="description">Lenor profumo per il bucato Risveglio Primaverile 210 g</p>
        <p class="right price"><b>6.95 €</b></p>
        <p class="right unitPrice">33.10 € per kg</p>
    </div>
    <div class="contButton">
    <a class="button bgRed white addToCart" href="#">Add</a>
</div>
</div><div class="left product prod60"
        data-name="Winni's Detersivo Bucato A Mano"
        data-price="2.89"
        data-id="1152"
        data-available="yes"
        data-category="8071"
        data-bestselling="">
    <a href="https://www.spesati.com/winnis-detersivo-bucato-a-mano">
        <div style="background-image: url('https://cdn.spesati.com/images/products/000314586/winnis-bucato-a-mano-aleppo-e-verbena-750-ml-01.png')">
            <div class="hover"></div>
            
            <div class="stickers"></div>
        </div>
    </a>
    <div>
        <h4><a href="https://www.spesati.com/winnis-detersivo-bucato-a-mano"><b>Winni's Detersivo Bucato A Mano</b></a></h4>
        <p class="description">Winni's Bucato a Mano Aleppo e Verbena 750 ml</p>
        <p class="right price"><b>2.89 €</b></p>
        <p class="right unitPrice">3.86 € per litre</p>
    </div>
    <div class="contButton">
    <a class="button bgRed white addToCart" href="#">Add</a>
</div>
</div><div class="left product prod61"
        data-name="Lenor Perle Prof Fresh 210g"
        data-price="6.95"
        data-id="78464"
        data-available="yes"
        data-category="8071"
        data-bestselling="">
    <a href="https://www.spesati.com/lenor-perle-prof-fresh-210g">
        <div style="background-image: url('https://cdn.spesati.com/images/products/000313333/lenor-unstoppables-profumo-per-il-bucato-freschezza-di-dash-210-g-01.png')">
            <div class="hover"></div>
            
            <div class="stickers"></div>
        </div>
    </a>
    <div>
        <h4><a href="https://www.spesati.com/lenor-perle-prof-fresh-210g"><b>Lenor Perle Prof Fresh 210g</b></a></h4>
        <p class="description">Lenor Unstoppables Profumo per il Bucato Freschezza di Dash 210 g</p>
        <p class="right price"><b>6.95 €</b></p>
        <p class="right unitPrice">33.10 € per kg</p>
    </div>
    <div class="contButton">
    <a class="button bgRed white addToCart" href="#">Add</a>
</div>
</div><div class="left product prod62"
        data-name="Filo Stendibiancheria Minerva 10Mt"
        data-price="0.86"
        data-id="7147"
        data-available="yes"
        data-category="8071"
        data-bestselling="">
    <a href="https://www.spesati.com/filo-stendibiancheria-minerva-10mt">
        <div style="background-image: url('https://cdn.spesati.com/images/products/000307577/minerva-filo-stendi-biancheria-10-m-01.png')">
            <div class="hover"></div>
            
            <div class="stickers"></div>
        </div>
    </a>
    <div>
        <h4><a href="https://www.spesati.com/filo-stendibiancheria-minerva-10mt"><b>Filo Stendibiancheria Minerva 10Mt</b></a></h4>
        <p class="description">Minerva Filo Stendi biancheria 10 m</p>
        <p class="right price"><b>0.86 €</b></p>
        <p class="right unitPrice">0.87 € per piece</p>
    </div>
    <div class="contButton">
    <a class="button bgRed white addToCart" href="#">Add</a>
</div>
</div><div class="left product prod63"
        data-name="Mollette Minerva Legno Giganti 10 Pz"
        data-price="1.59"
        data-id="5414"
        data-available="yes"
        data-category="8071"
        data-bestselling="">
    <a href="https://www.spesati.com/mollette-minerva-legno-giganti-10-pz">
        <div style="background-image: url('https://cdn.spesati.com/images/products/000307573/minerva-10-mollette-in-legno-giganti-01.png')">
            <div class="hover"></div>
            
            <div class="stickers"></div>
        </div>
    </a>
    <div>
        <h4><a href="https://www.spesati.com/mollette-minerva-legno-giganti-10-pz"><b>Mollette Minerva Legno Giganti 10 Pz</b></a></h4>
        <p class="description">Minerva 10 mollette in legno Giganti</p>
        <p class="right price"><b>1.59 €</b></p>
        <p class="right unitPrice">1.59 € per piece</p>
    </div>
    <div class="contButton">
    <a class="button bgRed white addToCart" href="#">Add</a>
</div>
</div><div class="left product prod64"
        data-name="Sole Bucato Tutticolori Lt.1"
        data-price="2.59"
        data-id="5549"
        data-available="yes"
        data-category="8071"
        data-bestselling="5">
    <a href="https://www.spesati.com/sole-bucato-tutticolori-lt1">
        <div style="background-image: url('https://cdn.spesati.com/images/products/000307460/sole-detersivo-lavatrice-tutticolori-16-lavaggi-1-l-01.png')">
            <div class="hover"></div>
            <p class="arrow bgRed white">Best Seller</p>
            <div class="stickers"></div>
        </div>
    </a>
    <div>
        <h4><a href="https://www.spesati.com/sole-bucato-tutticolori-lt1"><b>Sole Bucato Tutticolori Lt.1</b></a></h4>
        <p class="description">Sole Detersivo lavatrice Tutticolori 16 lavaggi 1 L</p>
        <p class="right price"><b>2.59 €</b></p>
        <p class="right unitPrice">2.59 € per litre</p>
    </div>
    <div class="contButton">
    <a class="button bgRed white addToCart" href="#">Add</a>
</div>
</div><div class="left product prod65"
        data-name="Spazzola Bucato Extra"
        data-price="1.72"
        data-id="6639"
        data-available="yes"
        data-category="8071"
        data-bestselling="">
    <a href="https://www.spesati.com/spazzola-bucato-extra">
        <div style="background-image: url('https://cdn.spesati.com/images/products/000307095/minerva-spazzola-bucato-extra-01.png')">
            <div class="hover"></div>
            
            <div class="stickers"></div>
        </div>
    </a>
    <div>
        <h4><a href="https://www.spesati.com/spazzola-bucato-extra"><b>Spazzola Bucato Extra</b></a></h4>
        <p class="description">Minerva Spazzola Bucato Extra</p>
        <p class="right price"><b>1.72 €</b></p>
        <p class="right unitPrice">1.72 € per piece</p>
    </div>
    <div class="contButton">
    <a class="button bgRed white addToCart" href="#">Add</a>
</div>
</div><div class="left product prod66"
        data-name="Stira Ammira Spray"
        data-price="3.79"
        data-id="1147"
        data-available="yes"
        data-category="8071"
        data-bestselling="">
    <a href="https://www.spesati.com/stira-ammira-spray">
        <div style="background-image: url('https://cdn.spesati.com/images/products/000305053/stira-e-ammira-500-ml-01.png')">
            <div class="hover"></div>
            
            <div class="stickers"></div>
        </div>
    </a>
    <div>
        <h4><a href="https://www.spesati.com/stira-ammira-spray"><b>Stira Ammira Spray</b></a></h4>
        <p class="description">Stira e Ammira 500 ml</p>
        <p class="right price"><b>3.79 €</b></p>
        <p class="right unitPrice">7.58 € per litre</p>
    </div>
    <div class="contButton">
    <a class="button bgRed white addToCart" href="#">Add</a>
</div>
</div><div class="left product prod67"
        data-name="Omino Bianco Disinfettante Liquido 900Ml"
        data-price="3.69"
        data-id="6643"
        data-available="yes"
        data-category="8071"
        data-bestselling="1">
    <a href="https://www.spesati.com/omino-bianco-disinfettante-liquido-900ml">
        <div style="background-image: url('https://cdn.spesati.com/images/products/000305015/omino-bianco-additivo-igienizzante-con-tecnologia-deo-900-ml-01.png')">
            <div class="hover"></div>
            <p class="arrow bgRed white">Best Seller</p>
            <div class="stickers"></div>
        </div>
    </a>
    <div>
        <h4><a href="https://www.spesati.com/omino-bianco-disinfettante-liquido-900ml"><b>Omino Bianco Disinfettante Liquido 900Ml</b></a></h4>
        <p class="description">Omino Bianco Additivo Igienizzante con tecnologia Deo+ 900 ml</p>
        <p class="right price"><b>3.69 €</b></p>
        <p class="right unitPrice">4.10 € per litre</p>
    </div>
    <div class="contButton">
    <a class="button bgRed white addToCart" href="#">Add</a>
</div>
</div><div class="left product prod68"
        data-name="Sapone Sole Bianc Mars 250g Bi"
        data-price="2.89"
        data-id="29842"
        data-available="yes"
        data-category="8071"
        data-bestselling="">
    <a href="https://www.spesati.com/sapone-sole-bianc-mars-250g-bi">
        <div style="background-image: url('https://cdn.spesati.com/images/products/000304876/sole-sapone-per-bucato-bianco-2-x-250-gr-01.png')">
            <div class="hover"></div>
            
            <div class="stickers"></div>
        </div>
    </a>
    <div>
        <h4><a href="https://www.spesati.com/sapone-sole-bianc-mars-250g-bi"><b>Sapone Sole Bianc Mars 250g Bi</b></a></h4>
        <p class="description">Sole Sapone per bucato Bianco 2 x 250 gr</p>
        <p class="right price"><b>2.89 €</b></p>
        <p class="right unitPrice">5.78 € per kg</p>
    </div>
    <div class="contButton">
    <a class="button bgRed white addToCart" href="#">Add</a>
</div>
</div><div class="left product prod69"
        data-name="Winnis Detergente Lavatrice Eco 25 Lavaggi"
        data-price="7.49"
        data-id="5391"
        data-available="yes"
        data-category="8071"
        data-bestselling="">
    <a href="https://www.spesati.com/winnis-detergente-lavatrice-eco-25-lavaggi">
        <div style="background-image: url('https://cdn.spesati.com/images/products/000301976/winnis-naturel-lavatrice-aleppo-e-verbena-125-l-01.png')">
            <div class="hover"></div>
            
            <div class="stickers"></div>
        </div>
    </a>
    <div>
        <h4><a href="https://www.spesati.com/winnis-detergente-lavatrice-eco-25-lavaggi"><b>Winnis Detergente Lavatrice Eco 25 Lavaggi</b></a></h4>
        <p class="description">Winni's Naturel Lavatrice Aleppo e Verbena 1,25 l</p>
        <p class="right price"><b>7.49 €</b></p>
        <p class="right unitPrice">5.99 € per litre</p>
    </div>
    <div class="contButton">
    <a class="button bgRed white addToCart" href="#">Add</a>
</div>
</div><div class="left product prod70"
        data-name="Winnis Sap Solido Marsigl 250g"
        data-price="1.85"
        data-id="29468"
        data-available="yes"
        data-category="8071"
        data-bestselling="">
    <a href="https://www.spesati.com/winnis-sap-solido-marsigl-250g">
        <div style="background-image: url('https://cdn.spesati.com/images/products/000301909/winnis-sapone-di-marsiglia-250-g-01.png')">
            <div class="hover"></div>
            
            <div class="stickers"></div>
        </div>
    </a>
    <div>
        <h4><a href="https://www.spesati.com/winnis-sap-solido-marsigl-250g"><b>Winnis Sap Solido Marsigl 250g</b></a></h4>
        <p class="description">Winni's Sapone di Marsiglia 250 g</p>
        <p class="right price"><b>1.85 €</b></p>
        <p class="right unitPrice">7.39 € per kg</p>
    </div>
    <div class="contButton">
    <a class="button bgRed white addToCart" href="#">Add</a>
</div>
</div><div class="left product prod71"
        data-name="Smacchio Tutto Liquido Madel"
        data-price="2.09"
        data-id="7138"
        data-available="yes"
        data-category="8071"
        data-bestselling="">
    <a href="https://www.spesati.com/smacchio-tutto-liquido-madel">
        <div style="background-image: url('https://cdn.spesati.com/images/products/000301876/smacchio-tutto-250-ml-01.png')">
            <div class="hover"></div>
            
            <div class="stickers"></div>
        </div>
    </a>
    <div>
        <h4><a href="https://www.spesati.com/smacchio-tutto-liquido-madel"><b>Smacchio Tutto Liquido Madel</b></a></h4>
        <p class="description">Smacchio Tutto 250 ml</p>
        <p class="right price"><b>2.09 €</b></p>
        <p class="right unitPrice">8.36 € per litre</p>
    </div>
    <div class="contButton">
    <a class="button bgRed white addToCart" href="#">Add</a>
</div>
</div><div class="left product prod72"
        data-name="Chanteclair Bucato Cassa Mista lt 1"
        data-price="2.79"
        data-id="5422"
        data-available="yes"
        data-category="8071"
        data-bestselling="">
    <a href="https://www.spesati.com/chanteclair-bucato-cassa-mista-lt-1">
        <div style="background-image: url('https://cdn.spesati.com/images/products/000301614/chanteclair-sapone-da-bucato-marsiglia-1000-ml-01.png')">
            <div class="hover"></div>
            
            <div class="stickers"></div>
        </div>
    </a>
    <div>
        <h4><a href="https://www.spesati.com/chanteclair-bucato-cassa-mista-lt-1"><b>Chanteclair Bucato Cassa Mista lt 1</b></a></h4>
        <p class="description">Chanteclair Sapone da Bucato Marsiglia 1000 ml</p>
        <p class="right price"><b>2.79 €</b></p>
        <p class="right unitPrice">2.79 € per litre</p>
    </div>
    <div class="contButton">
    <a class="button bgRed white addToCart" href="#">Add</a>
</div>
</div><div class="left product prod73"
        data-name="Sole Bucato Delicato Bival"
        data-price="2.59"
        data-id="1142"
        data-available="yes"
        data-category="8071"
        data-bestselling="6">
    <a href="https://www.spesati.com/sole-bucato-delicato-bival">
        <div style="background-image: url('https://cdn.spesati.com/images/products/000301229/sole-detersivo-lavatrice-classico-per-capi-fini-16-lavaggi-1-l-01.png')">
            <div class="hover"></div>
            <p class="arrow bgRed white">Best Seller</p>
            <div class="stickers"></div>
        </div>
    </a>
    <div>
        <h4><a href="https://www.spesati.com/sole-bucato-delicato-bival"><b>Sole Bucato Delicato Bival</b></a></h4>
        <p class="description">Sole Detersivo lavatrice Classico per Capi Fini 16 lavaggi 1 L</p>
        <p class="right price"><b>2.59 €</b></p>
        <p class="right unitPrice">2.59 € per litre</p>
    </div>
    <div class="contButton">
    <a class="button bgRed white addToCart" href="#">Add</a>
</div>
</div><div class="left product prod74"
        data-name="Spuma Di Sciamp Add Biancopuro"
        data-price="3.25"
        data-id="29327"
        data-available="yes"
        data-category="8071"
        data-bestselling="">
    <a href="https://www.spesati.com/spuma-di-sciamp-add-biancopuro">
        <div style="background-image: url('https://cdn.spesati.com/images/products/000301205/spuma-di-sciampagna-additivo-bianco-puro-igienizzante-1000-ml-01.png')">
            <div class="hover"></div>
            
            <div class="stickers"></div>
        </div>
    </a>
    <div>
        <h4><a href="https://www.spesati.com/spuma-di-sciamp-add-biancopuro"><b>Spuma Di Sciamp Add Biancopuro</b></a></h4>
        <p class="description">Spuma di Sciampagna Additivo Bianco Puro Igienizzante 1000 ml</p>
        <p class="right price"><b>3.25 €</b></p>
        <p class="right unitPrice">3.25 € per litre</p>
    </div>
    <div class="contButton">
    <a class="button bgRed white addToCart" href="#">Add</a>
</div>
</div><div class="left product prod75"
        data-name="Bio Shout Liquido"
        data-price="3.35"
        data-id="6876"
        data-available="yes"
        data-category="8071"
        data-bestselling="">
    <a href="https://www.spesati.com/bio-shout-liquido">
        <div style="background-image: url('https://cdn.spesati.com/images/products/000301041/shout-scioglimacchia-liquido-500ml-01.png')">
            <div class="hover"></div>
            
            <div class="stickers"></div>
        </div>
    </a>
    <div>
        <h4><a href="https://www.spesati.com/bio-shout-liquido"><b>Bio Shout Liquido</b></a></h4>
        <p class="description">Shout Scioglimacchia Liquido 500ml</p>
        <p class="right price"><b>3.35 €</b></p>
        <p class="right unitPrice">6.70 € per litre</p>
    </div>
    <div class="contButton">
    <a class="button bgRed white addToCart" href="#">Add</a>
</div>
</div><div class="left product prod76"
        data-name="Bio Presto Polv Buc Mano 600gr"
        data-price="2.99"
        data-id="29306"
        data-available="yes"
        data-category="8071"
        data-bestselling="">
    <a href="https://www.spesati.com/bio-presto-polv-buc-mano-600gr">
        <div style="background-image: url('https://cdn.spesati.com/images/products/000301029/bio-presto-bucato-a-mano-600-g-01.png')">
            <div class="hover"></div>
            
            <div class="stickers"></div>
        </div>
    </a>
    <div>
        <h4><a href="https://www.spesati.com/bio-presto-polv-buc-mano-600gr"><b>Bio Presto Polv Buc Mano 600gr</b></a></h4>
        <p class="description">BIO PRESTO Bucato a Mano 600 g</p>
        <p class="right price"><b>2.99 €</b></p>
        <p class="right unitPrice">4.99 € per kg</p>
    </div>
    <div class="contButton">
    <a class="button bgRed white addToCart" href="#">Add</a>
</div>
</div><div class="left product prod77"
        data-name="Felce Azzurra Ammorbidente Lt 2"
        data-price="3.49"
        data-id="5550"
        data-available="yes"
        data-category="8071"
        data-bestselling="">
    <a href="https://www.spesati.com/felce-azzurra-ammorbidente-lt-2">
        <div style="background-image: url('https://cdn.spesati.com/images/products/000301022/felce-azzurra-ammorbidente-classico-2-l-01.png')">
            <div class="hover"></div>
            
            <div class="stickers"></div>
        </div>
    </a>
    <div>
        <h4><a href="https://www.spesati.com/felce-azzurra-ammorbidente-lt-2"><b>Felce Azzurra Ammorbidente Lt 2</b></a></h4>
        <p class="description">Felce Azzurra Ammorbidente Classico 2 L</p>
        <p class="right price"><b>3.49 €</b></p>
        <p class="right unitPrice">1.74 € per litre</p>
    </div>
    <div class="contButton">
    <a class="button bgRed white addToCart" href="#">Add</a>
</div>
</div><div class="left product prod78"
        data-name="Det Lav Liq Biopresto Surf 10l"
        data-price="42.24"
        data-id="29350"
        data-available="yes"
        data-category="8071"
        data-bestselling="">
    <a href="https://www.spesati.com/det-lav-liq-biopresto-surf-10l">
        <div style="background-image: url('https://cdn.spesati.com/images/products/missing-image/missing-image.jpg')">
            <div class="hover"></div>
            
            <div class="stickers"></div>
        </div>
    </a>
    <div>
        <h4><a href="https://www.spesati.com/det-lav-liq-biopresto-surf-10l"><b>Det Lav Liq Biopresto Surf 10l</b></a></h4>
        <p class="description">10 Lt</p>
        <p class="right price"><b>42.24 €</b></p>
        <p class="right unitPrice">4.22 € per litre</p>
    </div>
    <div class="contButton">
    <a class="button bgRed white addToCart" href="#">Add</a>
</div>
</div><div class="left product prod79"
        data-name="Coccolino Ammorbidente 10lt"
        data-price="18.41"
        data-id="29351"
        data-available="yes"
        data-category="8071"
        data-bestselling="">
    <a href="https://www.spesati.com/coccolino-ammorbidente-10lt">
        <div style="background-image: url('https://cdn.spesati.com/images/products/missing-image/missing-image.jpg')">
            <div class="hover"></div>
            
            <div class="stickers"></div>
        </div>
    </a>
    <div>
        <h4><a href="https://www.spesati.com/coccolino-ammorbidente-10lt"><b>Coccolino Ammorbidente 10lt</b></a></h4>
        <p class="description">10 Lt</p>
        <p class="right price"><b>18.41 €</b></p>
        <p class="right unitPrice">1.84 € per litre</p>
    </div>
    <div class="contButton">
    <a class="button bgRed white addToCart" href="#">Add</a>
</div>
</div><div class="left product prod80"
        data-name="Copricapo Carta Bianco 100 Pz"
        data-price="13.72"
        data-id="29881"
        data-available="yes"
        data-category="8071"
        data-bestselling="">
    <a href="https://www.spesati.com/copricapo-carta-bianco-100-pz">
        <div style="background-image: url('https://cdn.spesati.com/images/products/missing-image/missing-image.jpg')">
            <div class="hover"></div>
            
            <div class="stickers"></div>
        </div>
    </a>
    <div>
        <h4><a href="https://www.spesati.com/copricapo-carta-bianco-100-pz"><b>Copricapo Carta Bianco 100 Pz</b></a></h4>
        <p class="description">1 piece</p>
        <p class="right price"><b>13.72 €</b></p>
        <p class="right unitPrice">13.71 € per piece</p>
    </div>
    <div class="contButton">
    <a class="button bgRed white addToCart" href="#">Add</a>
</div>
</div><div class="left product prod81"
        data-name="Cappello Cuoco Continental 10p"
        data-price="6.26"
        data-id="29882"
        data-available="yes"
        data-category="8071"
        data-bestselling="">
    <a href="https://www.spesati.com/cappello-cuoco-continental-10p">
        <div style="background-image: url('https://cdn.spesati.com/images/products/missing-image/missing-image.jpg')">
            <div class="hover"></div>
            
            <div class="stickers"></div>
        </div>
    </a>
    <div>
        <h4><a href="https://www.spesati.com/cappello-cuoco-continental-10p"><b>Cappello Cuoco Continental 10p</b></a></h4>
        <p class="description">1 piece</p>
        <p class="right price"><b>6.26 €</b></p>
        <p class="right unitPrice">6.26 € per piece</p>
    </div>
    <div class="contButton">
    <a class="button bgRed white addToCart" href="#">Add</a>
</div>
</div><div class="left product prod82"
        data-name="Paletta Battimosca Minerva"
        data-price="0.74"
        data-id="30319"
        data-available="yes"
        data-category="8071"
        data-bestselling="1">
    <a href="https://www.spesati.com/paletta-battimosca-minerva">
        <div style="background-image: url('https://cdn.spesati.com/images/products/missing-image/missing-image.jpg')">
            <div class="hover"></div>
            <p class="arrow bgRed white">Best Seller</p>
            <div class="stickers"></div>
        </div>
    </a>
    <div>
        <h4><a href="https://www.spesati.com/paletta-battimosca-minerva"><b>Paletta Battimosca Minerva</b></a></h4>
        <p class="description">1 piece</p>
        <p class="right price"><b>0.74 €</b></p>
        <p class="right unitPrice">0.74 € per piece</p>
    </div>
    <div class="contButton">
    <a class="button bgRed white addToCart" href="#">Add</a>
</div>
</div><div class="left product prod83"
        data-name="Tappo Aspiratore Salvavino"
        data-price="4.90"
        data-id="30785"
        data-available="yes"
        data-category="8071"
        data-bestselling="">
    <a href="https://www.spesati.com/tappo-aspiratore-salvavino">
        <div style="background-image: url('https://cdn.spesati.com/images/products/missing-image/missing-image.jpg')">
            <div class="hover"></div>
            
            <div class="stickers"></div>
        </div>
    </a>
    <div>
        <h4><a href="https://www.spesati.com/tappo-aspiratore-salvavino"><b>Tappo Aspiratore Salvavino</b></a></h4>
        <p class="description">1 piece</p>
        <p class="right price"><b>4.90 €</b></p>
        <p class="right unitPrice">4.90 € per piece</p>
    </div>
    <div class="contButton">
    <a class="button bgRed white addToCart" href="#">Add</a>
</div>
</div><div class="left product prod84"
        data-name="Secchiello Vasca Bott Magnum"
        data-price="37.23"
        data-id="30786"
        data-available="yes"
        data-category="8071"
        data-bestselling="">
    <a href="https://www.spesati.com/secchiello-vasca-bott-magnum">
        <div style="background-image: url('https://cdn.spesati.com/images/products/missing-image/missing-image.jpg')">
            <div class="hover"></div>
            
            <div class="stickers"></div>
        </div>
    </a>
    <div>
        <h4><a href="https://www.spesati.com/secchiello-vasca-bott-magnum"><b>Secchiello Vasca Bott Magnum</b></a></h4>
        <p class="description">1 piece</p>
        <p class="right price"><b>37.23 €</b></p>
        <p class="right unitPrice">37.23 € per piece</p>
    </div>
    <div class="contButton">
    <a class="button bgRed white addToCart" href="#">Add</a>
</div>
</div><div class="left product prod85"
        data-name="Sciabola Sommelier Cassetta"
        data-price="141.45"
        data-id="30787"
        data-available="yes"
        data-category="8071"
        data-bestselling="">
    <a href="https://www.spesati.com/sciabola-sommelier-cassetta">
        <div style="background-image: url('https://cdn.spesati.com/images/products/missing-image/missing-image.jpg')">
            <div class="hover"></div>
            
            <div class="stickers"></div>
        </div>
    </a>
    <div>
        <h4><a href="https://www.spesati.com/sciabola-sommelier-cassetta"><b>Sciabola Sommelier Cassetta</b></a></h4>
        <p class="description">1 piece</p>
        <p class="right price"><b>141.45 €</b></p>
        <p class="right unitPrice">141.46 € per piece</p>
    </div>
    <div class="contButton">
    <a class="button bgRed white addToCart" href="#">Add</a>
</div>
</div><div class="left product prod86"
        data-name="Portabott Carton Special 1-2p"
        data-price="9.13"
        data-id="30789"
        data-available="yes"
        data-category="8071"
        data-bestselling="">
    <a href="https://www.spesati.com/portabott-carton-special-1-2p">
        <div style="background-image: url('https://cdn.spesati.com/images/products/missing-image/missing-image.jpg')">
            <div class="hover"></div>
            
            <div class="stickers"></div>
        </div>
    </a>
    <div>
        <h4><a href="https://www.spesati.com/portabott-carton-special-1-2p"><b>Portabott Carton Special 1-2p</b></a></h4>
        <p class="description">1 piece</p>
        <p class="right price"><b>9.13 €</b></p>
        <p class="right unitPrice">9.13 € per piece</p>
    </div>
    <div class="contButton">
    <a class="button bgRed white addToCart" href="#">Add</a>
</div>
</div><div class="left product prod87"
        data-name="Portabott Champ Foglia Legno"
        data-price="10.29"
        data-id="30790"
        data-available="yes"
        data-category="8071"
        data-bestselling="">
    <a href="https://www.spesati.com/portabott-champ-foglia-legno">
        <div style="background-image: url('https://cdn.spesati.com/images/products/missing-image/missing-image.jpg')">
            <div class="hover"></div>
            
            <div class="stickers"></div>
        </div>
    </a>
    <div>
        <h4><a href="https://www.spesati.com/portabott-champ-foglia-legno"><b>Portabott Champ Foglia Legno</b></a></h4>
        <p class="description">1 piece</p>
        <p class="right price"><b>10.29 €</b></p>
        <p class="right unitPrice">10.30 € per piece</p>
    </div>
    <div class="contButton">
    <a class="button bgRed white addToCart" href="#">Add</a>
</div>
</div><div class="left product prod88"
        data-name="Det Liq Bucat Fior Musc B 2.5l"
        data-price="3.66"
        data-id="84254"
        data-available="yes"
        data-category="8071"
        data-bestselling="">
    <a href="https://www.spesati.com/det-liq-bucat-fior-musc-b-25l">
        <div style="background-image: url('https://cdn.spesati.com/images/products/missing-image/missing-image.jpg')">
            <div class="hover"></div>
            
            <div class="stickers"></div>
        </div>
    </a>
    <div>
        <h4><a href="https://www.spesati.com/det-liq-bucat-fior-musc-b-25l"><b>Det Liq Bucat Fior Musc B 2.5l</b></a></h4>
        <p class="description">2.5 Lt</p>
        <p class="right price"><b>3.66 €</b></p>
        <p class="right unitPrice">1.46 € per litre</p>
    </div>
    <div class="contButton">
    <a class="button bgRed white addToCart" href="#">Add</a>
</div>
</div><div class="left product prod89"
        data-name="Portabott Vino Foglia Legno"
        data-price="7.97"
        data-id="30791"
        data-available="yes"
        data-category="8071"
        data-bestselling="">
    <a href="https://www.spesati.com/portabott-vino-foglia-legno">
        <div style="background-image: url('https://cdn.spesati.com/images/products/missing-image/missing-image.jpg')">
            <div class="hover"></div>
            
            <div class="stickers"></div>
        </div>
    </a>
    <div>
        <h4><a href="https://www.spesati.com/portabott-vino-foglia-legno"><b>Portabott Vino Foglia Legno</b></a></h4>
        <p class="description">1 piece</p>
        <p class="right price"><b>7.97 €</b></p>
        <p class="right unitPrice">7.97 € per piece</p>
    </div>
    <div class="contButton">
    <a class="button bgRed white addToCart" href="#">Add</a>
</div>
</div><div class="left product prod90"
        data-name="Det Liq Bucat Fior Marsig 2.5l"
        data-price="3.66"
        data-id="84257"
        data-available="yes"
        data-category="8071"
        data-bestselling="">
    <a href="https://www.spesati.com/det-liq-bucat-fior-marsig-25l">
        <div style="background-image: url('https://cdn.spesati.com/images/products/missing-image/missing-image.jpg')">
            <div class="hover"></div>
            
            <div class="stickers"></div>
        </div>
    </a>
    <div>
        <h4><a href="https://www.spesati.com/det-liq-bucat-fior-marsig-25l"><b>Det Liq Bucat Fior Marsig 2.5l</b></a></h4>
        <p class="description">2.5 Lt</p>
        <p class="right price"><b>3.66 €</b></p>
        <p class="right unitPrice">1.46 € per litre</p>
    </div>
    <div class="contButton">
    <a class="button bgRed white addToCart" href="#">Add</a>
</div>
</div><div class="left product prod91"
        data-name="Portabott Rum Foglia Legno"
        data-price="9.76"
        data-id="30792"
        data-available="yes"
        data-category="8071"
        data-bestselling="">
    <a href="https://www.spesati.com/portabott-rum-foglia-legno">
        <div style="background-image: url('https://cdn.spesati.com/images/products/missing-image/missing-image.jpg')">
            <div class="hover"></div>
            
            <div class="stickers"></div>
        </div>
    </a>
    <div>
        <h4><a href="https://www.spesati.com/portabott-rum-foglia-legno"><b>Portabott Rum Foglia Legno</b></a></h4>
        <p class="description">1 piece</p>
        <p class="right price"><b>9.76 €</b></p>
        <p class="right unitPrice">9.76 € per piece</p>
    </div>
    <div class="contButton">
    <a class="button bgRed white addToCart" href="#">Add</a>
</div>
</div><div class="left product prod92"
        data-name="Det Liq Bucat Fior Class 2.5lt"
        data-price="3.66"
        data-id="84260"
        data-available="yes"
        data-category="8071"
        data-bestselling="">
    <a href="https://www.spesati.com/det-liq-bucat-fior-class-25lt">
        <div style="background-image: url('https://cdn.spesati.com/images/products/missing-image/missing-image.jpg')">
            <div class="hover"></div>
            
            <div class="stickers"></div>
        </div>
    </a>
    <div>
        <h4><a href="https://www.spesati.com/det-liq-bucat-fior-class-25lt"><b>Det Liq Bucat Fior Class 2.5lt</b></a></h4>
        <p class="description">2.5 Lt</p>
        <p class="right price"><b>3.66 €</b></p>
        <p class="right unitPrice">1.46 € per litre</p>
    </div>
    <div class="contButton">
    <a class="button bgRed white addToCart" href="#">Add</a>
</div>
</div><div class="left product prod93"
        data-name="Portabott Legno Vino 1.5l"
        data-price="16.49"
        data-id="30794"
        data-available="yes"
        data-category="8071"
        data-bestselling="">
    <a href="https://www.spesati.com/portabott-legno-vino-15l">
        <div style="background-image: url('https://cdn.spesati.com/images/products/missing-image/missing-image.jpg')">
            <div class="hover"></div>
            
            <div class="stickers"></div>
        </div>
    </a>
    <div>
        <h4><a href="https://www.spesati.com/portabott-legno-vino-15l"><b>Portabott Legno Vino 1.5l</b></a></h4>
        <p class="description">1 piece</p>
        <p class="right price"><b>16.49 €</b></p>
        <p class="right unitPrice">16.48 € per piece</p>
    </div>
    <div class="contButton">
    <a class="button bgRed white addToCart" href="#">Add</a>
</div>
</div><div class="left product prod94"
        data-name="Portabott Legno Vino Basso 1.5"
        data-price="16.49"
        data-id="30795"
        data-available="yes"
        data-category="8071"
        data-bestselling="">
    <a href="https://www.spesati.com/portabott-legno-vino-basso-15">
        <div style="background-image: url('https://cdn.spesati.com/images/products/missing-image/missing-image.jpg')">
            <div class="hover"></div>
            
            <div class="stickers"></div>
        </div>
    </a>
    <div>
        <h4><a href="https://www.spesati.com/portabott-legno-vino-basso-15"><b>Portabott Legno Vino Basso 1.5</b></a></h4>
        <p class="description">1 piece</p>
        <p class="right price"><b>16.49 €</b></p>
        <p class="right unitPrice">16.48 € per piece</p>
    </div>
    <div class="contButton">
    <a class="button bgRed white addToCart" href="#">Add</a>
</div>
</div><div class="left product prod95"
        data-name="Sciabola Somm Cassetta E Tappo"
        data-price="94.59"
        data-id="30796"
        data-available="yes"
        data-category="8071"
        data-bestselling="">
    <a href="https://www.spesati.com/sciabola-somm-cassetta-e-tappo">
        <div style="background-image: url('https://cdn.spesati.com/images/products/missing-image/missing-image.jpg')">
            <div class="hover"></div>
            
            <div class="stickers"></div>
        </div>
    </a>
    <div>
        <h4><a href="https://www.spesati.com/sciabola-somm-cassetta-e-tappo"><b>Sciabola Somm Cassetta E Tappo</b></a></h4>
        <p class="description">1 piece</p>
        <p class="right price"><b>94.59 €</b></p>
        <p class="right unitPrice">94.59 € per piece</p>
    </div>
    <div class="contButton">
    <a class="button bgRed white addToCart" href="#">Add</a>
</div>
</div><div class="left product prod96"
        data-name="Bidone Bianco Senza Cop 100lt"
        data-price="42.76"
        data-id="30860"
        data-available="yes"
        data-category="8071"
        data-bestselling="">
    <a href="https://www.spesati.com/bidone-bianco-senza-cop-100lt">
        <div style="background-image: url('https://cdn.spesati.com/images/products/missing-image/missing-image.jpg')">
            <div class="hover"></div>
            
            <div class="stickers"></div>
        </div>
    </a>
    <div>
        <h4><a href="https://www.spesati.com/bidone-bianco-senza-cop-100lt"><b>Bidone Bianco Senza Cop 100lt</b></a></h4>
        <p class="description">1 piece</p>
        <p class="right price"><b>42.76 €</b></p>
        <p class="right unitPrice">42.76 € per piece</p>
    </div>
    <div class="contButton">
    <a class="button bgRed white addToCart" href="#">Add</a>
</div>
</div><div class="left product prod97"
        data-name="Bidone Bianco S-cop 75lt"
        data-price="33.70"
        data-id="30873"
        data-available="yes"
        data-category="8071"
        data-bestselling="">
    <a href="https://www.spesati.com/bidone-bianco-s-cop-75lt">
        <div style="background-image: url('https://cdn.spesati.com/images/products/missing-image/missing-image.jpg')">
            <div class="hover"></div>
            
            <div class="stickers"></div>
        </div>
    </a>
    <div>
        <h4><a href="https://www.spesati.com/bidone-bianco-s-cop-75lt"><b>Bidone Bianco S-cop 75lt</b></a></h4>
        <p class="description">1 piece</p>
        <p class="right price"><b>33.70 €</b></p>
        <p class="right unitPrice">33.70 € per piece</p>
    </div>
    <div class="contButton">
    <a class="button bgRed white addToCart" href="#">Add</a>
</div>
</div><div class="left product prod98"
        data-name="Borsa Termica Pizza 37x37x20"
        data-price="61.38"
        data-id="30996"
        data-available="yes"
        data-category="8071"
        data-bestselling="">
    <a href="https://www.spesati.com/borsa-termica-pizza-37x37x20">
        <div style="background-image: url('https://cdn.spesati.com/images/products/missing-image/missing-image.jpg')">
            <div class="hover"></div>
            
            <div class="stickers"></div>
        </div>
    </a>
    <div>
        <h4><a href="https://www.spesati.com/borsa-termica-pizza-37x37x20"><b>Borsa Termica Pizza 37x37x20</b></a></h4>
        <p class="description">1 piece</p>
        <p class="right price"><b>61.38 €</b></p>
        <p class="right unitPrice">61.38 € per piece</p>
    </div>
    <div class="contButton">
    <a class="button bgRed white addToCart" href="#">Add</a>
</div>
</div><div class="left product prod99"
        data-name="Coppapasta Tondo 9 H4.5"
        data-price="21.40"
        data-id="31000"
        data-available="yes"
        data-category="8071"
        data-bestselling="">
    <a href="https://www.spesati.com/coppapasta-tondo-9-h45">
        <div style="background-image: url('https://cdn.spesati.com/images/products/missing-image/missing-image.jpg')">
            <div class="hover"></div>
            
            <div class="stickers"></div>
        </div>
    </a>
    <div>
        <h4><a href="https://www.spesati.com/coppapasta-tondo-9-h45"><b>Coppapasta Tondo 9 H4.5</b></a></h4>
        <p class="description">1 piece</p>
        <p class="right price"><b>21.40 €</b></p>
        <p class="right unitPrice">21.40 € per piece</p>
    </div>
    <div class="contButton">
    <a class="button bgRed white addToCart" href="#">Add</a>
</div>
</div><div class="left product prod100"
        data-name="Bidone Polit.gial C-ruote 100"
        data-price="141.45"
        data-id="31024"
        data-available="yes"
        data-category="8071"
        data-bestselling="">
    <a href="https://www.spesati.com/bidone-politgial-c-ruote-100">
        <div style="background-image: url('https://cdn.spesati.com/images/products/missing-image/missing-image.jpg')">
            <div class="hover"></div>
            
            <div class="stickers"></div>
        </div>
    </a>
    <div>
        <h4><a href="https://www.spesati.com/bidone-politgial-c-ruote-100"><b>Bidone Polit.gial C-ruote 100</b></a></h4>
        <p class="description">1 piece</p>
        <p class="right price"><b>141.45 €</b></p>
        <p class="right unitPrice">141.45 € per piece</p>
    </div>
    <div class="contButton">
    <a class="button bgRed white addToCart" href="#">Add</a>
</div>
</div><div class="left product prod101"
        data-name="Bidone Polit.blu C-ruote 100"
        data-price="141.45"
        data-id="31025"
        data-available="yes"
        data-category="8071"
        data-bestselling="">
    <a href="https://www.spesati.com/bidone-politblu-c-ruote-100">
        <div style="background-image: url('https://cdn.spesati.com/images/products/missing-image/missing-image.jpg')">
            <div class="hover"></div>
            
            <div class="stickers"></div>
        </div>
    </a>
    <div>
        <h4><a href="https://www.spesati.com/bidone-politblu-c-ruote-100"><b>Bidone Polit.blu C-ruote 100</b></a></h4>
        <p class="description">1 piece</p>
        <p class="right price"><b>141.45 €</b></p>
        <p class="right unitPrice">141.45 € per piece</p>
    </div>
    <div class="contButton">
    <a class="button bgRed white addToCart" href="#">Add</a>
</div>
</div><div class="left product prod102"
        data-name="Bidone Polit.mar C-ruote 100"
        data-price="141.45"
        data-id="31026"
        data-available="yes"
        data-category="8071"
        data-bestselling="">
    <a href="https://www.spesati.com/bidone-politmar-c-ruote-100">
        <div style="background-image: url('https://cdn.spesati.com/images/products/missing-image/missing-image.jpg')">
            <div class="hover"></div>
            
            <div class="stickers"></div>
        </div>
    </a>
    <div>
        <h4><a href="https://www.spesati.com/bidone-politmar-c-ruote-100"><b>Bidone Polit.mar C-ruote 100</b></a></h4>
        <p class="description">1 piece</p>
        <p class="right price"><b>141.45 €</b></p>
        <p class="right unitPrice">141.45 € per piece</p>
    </div>
    <div class="contButton">
    <a class="button bgRed white addToCart" href="#">Add</a>
</div>
</div><div class="left product prod103"
        data-name="Tronchetto Familia Faggio 10kg"
        data-price="7.60"
        data-id="31144"
        data-available="yes"
        data-category="8071"
        data-bestselling="">
    <a href="https://www.spesati.com/tronchetto-familia-faggio-10kg">
        <div style="background-image: url('https://cdn.spesati.com/images/products/missing-image/missing-image.jpg')">
            <div class="hover"></div>
            
            <div class="stickers"></div>
        </div>
    </a>
    <div>
        <h4><a href="https://www.spesati.com/tronchetto-familia-faggio-10kg"><b>Tronchetto Familia Faggio 10kg</b></a></h4>
        <p class="description">10 Kg</p>
        <p class="right price"><b>7.60 €</b></p>
        <p class="right unitPrice">0.76 € per kg</p>
    </div>
    <div class="contButton">
    <a class="button bgRed white addToCart" href="#">Add</a>
</div>
</div><div class="left product prod104"
        data-name="Legna Familia Rete 10kg"
        data-price="6.99"
        data-id="31145"
        data-available="yes"
        data-category="8071"
        data-bestselling="">
    <a href="https://www.spesati.com/legna-familia-rete-10kg">
        <div style="background-image: url('https://cdn.spesati.com/images/products/missing-image/missing-image.jpg')">
            <div class="hover"></div>
            
            <div class="stickers"></div>
        </div>
    </a>
    <div>
        <h4><a href="https://www.spesati.com/legna-familia-rete-10kg"><b>Legna Familia Rete 10kg</b></a></h4>
        <p class="description">10 Kg</p>
        <p class="right price"><b>6.99 €</b></p>
        <p class="right unitPrice">0.70 € per kg</p>
    </div>
    <div class="contButton">
    <a class="button bgRed white addToCart" href="#">Add</a>
</div>
</div><div class="left product prod105"
        data-name="Piastra Grill 40x28 Horecatech"
        data-price="410.48"
        data-id="31658"
        data-available="yes"
        data-category="8071"
        data-bestselling="">
    <a href="https://www.spesati.com/piastra-grill-40x28-horecatech">
        <div style="background-image: url('https://cdn.spesati.com/images/products/missing-image/missing-image.jpg')">
            <div class="hover"></div>
            
            <div class="stickers"></div>
        </div>
    </a>
    <div>
        <h4><a href="https://www.spesati.com/piastra-grill-40x28-horecatech"><b>Piastra Grill 40x28 Horecatech</b></a></h4>
        <p class="description">1 piece</p>
        <p class="right price"><b>410.48 €</b></p>
        <p class="right unitPrice">410.48 € per piece</p>
    </div>
    <div class="contButton">
    <a class="button bgRed white addToCart" href="#">Add</a>
</div>
</div><div class="left product prod106"
        data-name="Piastra Grill Rigat Horecatech"
        data-price="823.50"
        data-id="31659"
        data-available="yes"
        data-category="8071"
        data-bestselling="">
    <a href="https://www.spesati.com/piastra-grill-rigat-horecatech">
        <div style="background-image: url('https://cdn.spesati.com/images/products/missing-image/missing-image.jpg')">
            <div class="hover"></div>
            
            <div class="stickers"></div>
        </div>
    </a>
    <div>
        <h4><a href="https://www.spesati.com/piastra-grill-rigat-horecatech"><b>Piastra Grill Rigat Horecatech</b></a></h4>
        <p class="description">1 piece</p>
        <p class="right price"><b>823.50 €</b></p>
        <p class="right unitPrice">823.50 € per piece</p>
    </div>
    <div class="contButton">
    <a class="button bgRed white addToCart" href="#">Add</a>
</div>
</div><div class="left product prod107"
        data-name="Piastra Panini Sing Horecatech"
        data-price="434.63"
        data-id="31660"
        data-available="yes"
        data-category="8071"
        data-bestselling="">
    <a href="https://www.spesati.com/piastra-panini-sing-horecatech">
        <div style="background-image: url('https://cdn.spesati.com/images/products/missing-image/missing-image.jpg')">
            <div class="hover"></div>
            
            <div class="stickers"></div>
        </div>
    </a>
    <div>
        <h4><a href="https://www.spesati.com/piastra-panini-sing-horecatech"><b>Piastra Panini Sing Horecatech</b></a></h4>
        <p class="description">1 piece</p>
        <p class="right price"><b>434.63 €</b></p>
        <p class="right unitPrice">434.63 € per piece</p>
    </div>
    <div class="contButton">
    <a class="button bgRed white addToCart" href="#">Add</a>
</div>
</div><div class="left product prod108"
        data-name="Spremiagrumi Profess Horecatec"
        data-price="569.69"
        data-id="31668"
        data-available="yes"
        data-category="8071"
        data-bestselling="">
    <a href="https://www.spesati.com/spremiagrumi-profess-horecatec">
        <div style="background-image: url('https://cdn.spesati.com/images/products/missing-image/missing-image.jpg')">
            <div class="hover"></div>
            
            <div class="stickers"></div>
        </div>
    </a>
    <div>
        <h4><a href="https://www.spesati.com/spremiagrumi-profess-horecatec"><b>Spremiagrumi Profess Horecatec</b></a></h4>
        <p class="description">1 piece</p>
        <p class="right price"><b>569.69 €</b></p>
        <p class="right unitPrice">569.69 € per piece</p>
    </div>
    <div class="contButton">
    <a class="button bgRed white addToCart" href="#">Add</a>
</div>
</div><div class="left product prod109"
        data-name="Carrel Portav 2pian Horecatech"
        data-price="266.57"
        data-id="31669"
        data-available="yes"
        data-category="8071"
        data-bestselling="">
    <a href="https://www.spesati.com/carrel-portav-2pian-horecatech">
        <div style="background-image: url('https://cdn.spesati.com/images/products/missing-image/missing-image.jpg')">
            <div class="hover"></div>
            
            <div class="stickers"></div>
        </div>
    </a>
    <div>
        <h4><a href="https://www.spesati.com/carrel-portav-2pian-horecatech"><b>Carrel Portav 2pian Horecatech</b></a></h4>
        <p class="description">1 piece</p>
        <p class="right price"><b>266.57 €</b></p>
        <p class="right unitPrice">266.57 € per piece</p>
    </div>
    <div class="contButton">
    <a class="button bgRed white addToCart" href="#">Add</a>
</div>
</div><div class="left product prod110"
        data-name="Gel Combustib Gr200 Horecatech"
        data-price="3.25"
        data-id="31670"
        data-available="yes"
        data-category="8071"
        data-bestselling="">
    <a href="https://www.spesati.com/gel-combustib-gr200-horecatech">
        <div style="background-image: url('https://cdn.spesati.com/images/products/missing-image/missing-image.jpg')">
            <div class="hover"></div>
            
            <div class="stickers"></div>
        </div>
    </a>
    <div>
        <h4><a href="https://www.spesati.com/gel-combustib-gr200-horecatech"><b>Gel Combustib Gr200 Horecatech</b></a></h4>
        <p class="description">1 piece</p>
        <p class="right price"><b>3.25 €</b></p>
        <p class="right unitPrice">3.26 € per piece</p>
    </div>
    <div class="contButton">
    <a class="button bgRed white addToCart" href="#">Add</a>
</div>
</div><div class="left product prod111"
        data-name="Shopper Bott Carton Avana"
        data-price="1.00"
        data-id="31836"
        data-available="yes"
        data-category="8071"
        data-bestselling="">
    <a href="https://www.spesati.com/shopper-bott-carton-avana">
        <div style="background-image: url('https://cdn.spesati.com/images/products/missing-image/missing-image.jpg')">
            <div class="hover"></div>
            
            <div class="stickers"></div>
        </div>
    </a>
    <div>
        <h4><a href="https://www.spesati.com/shopper-bott-carton-avana"><b>Shopper Bott Carton Avana</b></a></h4>
        <p class="description">1 piece</p>
        <p class="right price"><b>1.00 €</b></p>
        <p class="right unitPrice">1.00 € per piece</p>
    </div>
    <div class="contButton">
    <a class="button bgRed white addToCart" href="#">Add</a>
</div>
</div><div class="left product prod112"
        data-name="Shopper Bott Carton Bordeaux"
        data-price="1.00"
        data-id="31837"
        data-available="yes"
        data-category="8071"
        data-bestselling="">
    <a href="https://www.spesati.com/shopper-bott-carton-bordeaux">
        <div style="background-image: url('https://cdn.spesati.com/images/products/missing-image/missing-image.jpg')">
            <div class="hover"></div>
            
            <div class="stickers"></div>
        </div>
    </a>
    <div>
        <h4><a href="https://www.spesati.com/shopper-bott-carton-bordeaux"><b>Shopper Bott Carton Bordeaux</b></a></h4>
        <p class="description">1 piece</p>
        <p class="right price"><b>1.00 €</b></p>
        <p class="right unitPrice">1.00 € per piece</p>
    </div>
    <div class="contButton">
    <a class="button bgRed white addToCart" href="#">Add</a>
</div>
</div><div class="left product prod113"
        data-name="Borsa Termica C. Cash 54x24x33"
        data-price="17.38"
        data-id="32019"
        data-available="yes"
        data-category="8071"
        data-bestselling="">
    <a href="https://www.spesati.com/borsa-termica-c-cash-54x24x33">
        <div style="background-image: url('https://cdn.spesati.com/images/products/missing-image/missing-image.jpg')">
            <div class="hover"></div>
            
            <div class="stickers"></div>
        </div>
    </a>
    <div>
        <h4><a href="https://www.spesati.com/borsa-termica-c-cash-54x24x33"><b>Borsa Termica C. Cash 54x24x33</b></a></h4>
        <p class="description">1 piece</p>
        <p class="right price"><b>17.38 €</b></p>
        <p class="right unitPrice">17.39 € per piece</p>
    </div>
    <div class="contButton">
    <a class="button bgRed white addToCart" href="#">Add</a>
</div>
</div><div class="left product prod114"
        data-name="Sapone Bucato Marsiglia 5 Lt"
        data-price="12.57"
        data-id="32459"
        data-available="yes"
        data-category="8071"
        data-bestselling="">
    <a href="https://www.spesati.com/sapone-bucato-marsiglia-5-lt">
        <div style="background-image: url('https://cdn.spesati.com/images/products/missing-image/missing-image.jpg')">
            <div class="hover"></div>
            
            <div class="stickers"></div>
        </div>
    </a>
    <div>
        <h4><a href="https://www.spesati.com/sapone-bucato-marsiglia-5-lt"><b>Sapone Bucato Marsiglia 5 Lt</b></a></h4>
        <p class="description">1 piece</p>
        <p class="right price"><b>12.57 €</b></p>
        <p class="right unitPrice">12.57 € per piece</p>
    </div>
    <div class="contButton">
    <a class="button bgRed white addToCart" href="#">Add</a>
</div>
</div><div class="left product prod115"
        data-name="Pompette Per Maionese"
        data-price="5.41"
        data-id="34801"
        data-available="yes"
        data-category="8071"
        data-bestselling="">
    <a href="https://www.spesati.com/pompette-per-maionese">
        <div style="background-image: url('https://cdn.spesati.com/images/products/missing-image/missing-image.jpg')">
            <div class="hover"></div>
            
            <div class="stickers"></div>
        </div>
    </a>
    <div>
        <h4><a href="https://www.spesati.com/pompette-per-maionese"><b>Pompette Per Maionese</b></a></h4>
        <p class="description">1 piece</p>
        <p class="right price"><b>5.41 €</b></p>
        <p class="right unitPrice">5.42 € per piece</p>
    </div>
    <div class="contButton">
    <a class="button bgRed white addToCart" href="#">Add</a>
</div>
</div><div class="left product prod116"
        data-name="Det Lav Mon Amo Fresh Bl 26lav"
        data-price="4.88"
        data-id="84451"
        data-available="no"
        data-category="8071"
        data-bestselling="">
    <a href="https://www.spesati.com/det-lav-mon-amo-fresh-bl-26lav">
        <div style="background-image: url('https://cdn.spesati.com/images/products/000818649/mon-amour-fresh-blue-detersivo-extra-profumato-1560-l-01.png')">
            <div class="hover"></div>
            
            <div class="stickers"></div>
        </div>
    </a>
    <div>
        <h4><a href="https://www.spesati.com/det-lav-mon-amo-fresh-bl-26lav"><b>Det Lav Mon Amo Fresh Bl 26lav</b></a></h4>
        <p class="description">Mon Amour Fresh Blue Detersivo Extra Profumato 1,560 L</p>
        <p class="right price"><b>4.88 €</b></p>
        <p class="right unitPrice">3.12 € per litre</p>
    </div>
    <div class="notAvailable">
    <a class="button bgDarkGrey white" href="https://www.spesati.com/det-lav-mon-amo-fresh-bl-26lav">Not available</a>
</div>
</div><div class="left product prod117"
        data-name="Dash Liquido Blu Lavanda 21lav 3"
        data-price="10.01"
        data-id="83861"
        data-available="no"
        data-category="8071"
        data-bestselling="">
    <a href="https://www.spesati.com/dash-liquido-blu-lavanda-21lav-3">
        <div style="background-image: url('https://cdn.spesati.com/images/products/000442433/dash-detersivo-liquido-lavatrice-lavanda-21-lavaggi-1050-ml-01.png')">
            <div class="hover"></div>
            
            <div class="stickers"></div>
        </div>
    </a>
    <div>
        <h4><a href="https://www.spesati.com/dash-liquido-blu-lavanda-21lav-3"><b>Dash Liquido Blu Lavanda 21lav 3</b></a></h4>
        <p class="description">Dash Detersivo Liquido Lavatrice, Lavanda, 21 Lavaggi 1050 ml</p>
        <p class="right price"><b>10.01 €</b></p>
        <p class="right unitPrice">10.02 € per piece</p>
    </div>
    <div class="notAvailable">
    <a class="button bgDarkGrey white" href="https://www.spesati.com/dash-liquido-blu-lavanda-21lav-3">Not available</a>
</div>
</div><div class="left product prod118"
        data-name="Dash Liquido Blu Colore 26lav"
        data-price="8.87"
        data-id="81263"
        data-available="no"
        data-category="8071"
        data-bestselling="">
    <a href="https://www.spesati.com/dash-liquido-blu-colore-26lav">
        <div style="background-image: url('https://cdn.spesati.com/images/products/000442194/dash-detersivo-lavatrice-liquido-per-bucato-salva-colore-26-lavaggi-1300-ml-01.png')">
            <div class="hover"></div>
            
            <div class="stickers"></div>
        </div>
    </a>
    <div>
        <h4><a href="https://www.spesati.com/dash-liquido-blu-colore-26lav"><b>Dash Liquido Blu Colore 26lav</b></a></h4>
        <p class="description">Dash Detersivo Lavatrice Liquido per Bucato Salva Colore 26 Lavaggi 1300 ml</p>
        <p class="right price"><b>8.87 €</b></p>
        <p class="right unitPrice">6.82 € per litre</p>
    </div>
    <div class="notAvailable">
    <a class="button bgDarkGrey white" href="https://www.spesati.com/dash-liquido-blu-colore-26lav">Not available</a>
</div>
</div><div class="left product prod119"
        data-name="Vernel Conc Blu Oxigen 1,95lt"
        data-price="5.26"
        data-id="79191"
        data-available="no"
        data-category="8071"
        data-bestselling="">
    <a href="https://www.spesati.com/vernel-conc-blu-oxigen-195lt">
        <div style="background-image: url('https://cdn.spesati.com/images/products/000442153/vernel-concentrato-blu-oxygen-195l-01.png')">
            <div class="hover"></div>
            
            <div class="stickers"></div>
        </div>
    </a>
    <div>
        <h4><a href="https://www.spesati.com/vernel-conc-blu-oxigen-195lt"><b>Vernel Conc Blu Oxigen 1,95lt</b></a></h4>
        <p class="description">VERNEL Concentrato Blu Oxygen 1,95L</p>
        <p class="right price"><b>5.26 €</b></p>
        <p class="right unitPrice">2.70 € per litre</p>
    </div>
    <div class="notAvailable">
    <a class="button bgDarkGrey white" href="https://www.spesati.com/vernel-conc-blu-oxigen-195lt">Not available</a>
</div>
</div><div class="left product prod120"
        data-name="Lenor Ametista/bouquet 25lav"
        data-price="3.11"
        data-id="79639"
        data-available="no"
        data-category="8071"
        data-bestselling="">
    <a href="https://www.spesati.com/lenor-ametistabouquet-25lav">
        <div style="background-image: url('https://cdn.spesati.com/images/products/000442138/lenor-ammorbidente-bucato-ametista-rosa-25-lavaggi-575-ml-01.png')">
            <div class="hover"></div>
            
            <div class="stickers"></div>
        </div>
    </a>
    <div>
        <h4><a href="https://www.spesati.com/lenor-ametistabouquet-25lav"><b>Lenor Ametista/bouquet 25lav</b></a></h4>
        <p class="description">Lenor Ammorbidente Bucato Ametista Rosa 25 Lavaggi 575 ml</p>
        <p class="right price"><b>3.11 €</b></p>
        <p class="right unitPrice">5.36 € per litre</p>
    </div>
    <div class="notAvailable">
    <a class="button bgDarkGrey white" href="https://www.spesati.com/lenor-ametistabouquet-25lav">Not available</a>
</div>
</div><div class="left product prod121"
        data-name="Lenor Gelsomino Scarlat 25lav"
        data-price="3.11"
        data-id="79636"
        data-available="no"
        data-category="8071"
        data-bestselling="">
    <a href="https://www.spesati.com/lenor-gelsomino-scarlat-25lav">
        <div style="background-image: url('https://cdn.spesati.com/images/products/000442137/lenor-ammorbidente-bucato-gelsomino-scarlatto-25-lavaggi-575-ml-01.png')">
            <div class="hover"></div>
            
            <div class="stickers"></div>
        </div>
    </a>
    <div>
        <h4><a href="https://www.spesati.com/lenor-gelsomino-scarlat-25lav"><b>Lenor Gelsomino Scarlat 25lav</b></a></h4>
        <p class="description">Lenor Ammorbidente Bucato Gelsomino Scarlatto 25 Lavaggi 575 ml</p>
        <p class="right price"><b>3.11 €</b></p>
        <p class="right unitPrice">5.36 € per litre</p>
    </div>
    <div class="notAvailable">
    <a class="button bgDarkGrey white" href="https://www.spesati.com/lenor-gelsomino-scarlat-25lav">Not available</a>
</div>
</div><div class="left product prod122"
        data-name="Disinfekto Lavatr 22lav 1320ml"
        data-price="5.89"
        data-id="66387"
        data-available="no"
        data-category="8071"
        data-bestselling="">
    <a href="https://www.spesati.com/disinfekto-lavatr-22lav-1320ml">
        <div style="background-image: url('https://cdn.spesati.com/images/products/000440446/disinfekto-lavatrice-disinfettante-1320-ml-01.png')">
            <div class="hover"></div>
            
            <div class="stickers"></div>
        </div>
    </a>
    <div>
        <h4><a href="https://www.spesati.com/disinfekto-lavatr-22lav-1320ml"><b>Disinfekto Lavatr 22lav 1320ml</b></a></h4>
        <p class="description">Disinfekto Lavatrice Disinfettante 1320 ml</p>
        <p class="right price"><b>5.89 €</b></p>
        <p class="right unitPrice">4.47 € per litre</p>
    </div>
    <div class="notAvailable">
    <a class="button bgDarkGrey white" href="https://www.spesati.com/disinfekto-lavatr-22lav-1320ml">Not available</a>
</div>
</div><div class="left product prod123"
        data-name="Coccolin Refresh Gelsomino 1lt"
        data-price="3.65"
        data-id="69888"
        data-available="no"
        data-category="8071"
        data-bestselling="">
    <a href="https://www.spesati.com/coccolin-refresh-gelsomino-1lt">
        <div style="background-image: url('https://cdn.spesati.com/images/products/000435141/coccolino-ammorbidente-concentrato-gelsomino-1-l-01.png')">
            <div class="hover"></div>
            
            <div class="stickers"></div>
        </div>
    </a>
    <div>
        <h4><a href="https://www.spesati.com/coccolin-refresh-gelsomino-1lt"><b>Coccolin Refresh Gelsomino 1lt</b></a></h4>
        <p class="description">Coccolino Ammorbidente Concentrato Gelsomino 1 L</p>
        <p class="right price"><b>3.65 €</b></p>
        <p class="right unitPrice">3.65 € per litre</p>
    </div>
    <div class="notAvailable">
    <a class="button bgDarkGrey white" href="https://www.spesati.com/coccolin-refresh-gelsomino-1lt">Not available</a>
</div>
</div><div class="left product prod124"
        data-name="Coccolino Sensazion Seta 3+1lt"
        data-price="8.13"
        data-id="65166"
        data-available="no"
        data-category="8071"
        data-bestselling="">
    <a href="https://www.spesati.com/coccolino-sensazion-seta-31lt">
        <div style="background-image: url('https://cdn.spesati.com/images/products/000435112/coccolino-ammorbidente-sensazione-seta-3-litri-01.png')">
            <div class="hover"></div>
            
            <div class="stickers"></div>
        </div>
    </a>
    <div>
        <h4><a href="https://www.spesati.com/coccolino-sensazion-seta-31lt"><b>Coccolino Sensazion Seta 3+1lt</b></a></h4>
        <p class="description">Coccolino Ammorbidente Sensazione Seta 3 Litri</p>
        <p class="right price"><b>8.13 €</b></p>
        <p class="right unitPrice">2.04 € per litre</p>
    </div>
    <div class="notAvailable">
    <a class="button bgDarkGrey white" href="https://www.spesati.com/coccolino-sensazion-seta-31lt">Not available</a>
</div>
</div><div class="left product prod125"
        data-name="Vernel Fresh Control Rosa 700m"
        data-price="2.69"
        data-id="59340"
        data-available="no"
        data-category="8071"
        data-bestselling="">
    <a href="https://www.spesati.com/vernel-fresh-control-rosa-700m">
        <div style="background-image: url('https://cdn.spesati.com/images/products/000434109/vernel-concentrato-fresh-control-freschezza-floreale-700ml-01.png')">
            <div class="hover"></div>
            
            <div class="stickers"></div>
        </div>
    </a>
    <div>
        <h4><a href="https://www.spesati.com/vernel-fresh-control-rosa-700m"><b>Vernel Fresh Control Rosa 700m</b></a></h4>
        <p class="description">VERNEL Concentrato Fresh Control Freschezza Floreale 700ml</p>
        <p class="right price"><b>2.69 €</b></p>
        <p class="right unitPrice">3.84 € per litre</p>
    </div>
    <div class="notAvailable">
    <a class="button bgDarkGrey white" href="https://www.spesati.com/vernel-fresh-control-rosa-700m">Not available</a>
</div>
</div><div class="left product prod126"
        data-name="Vernel Fresh Control Blu 700ml"
        data-price="2.69"
        data-id="59337"
        data-available="no"
        data-category="8071"
        data-bestselling="">
    <a href="https://www.spesati.com/vernel-fresh-control-blu-700ml">
        <div style="background-image: url('https://cdn.spesati.com/images/products/000434108/vernel-concentrato-fresh-control-freschezza-glaciale-700ml-01.png')">
            <div class="hover"></div>
            
            <div class="stickers"></div>
        </div>
    </a>
    <div>
        <h4><a href="https://www.spesati.com/vernel-fresh-control-blu-700ml"><b>Vernel Fresh Control Blu 700ml</b></a></h4>
        <p class="description">VERNEL Concentrato Fresh Control Freschezza Glaciale 700ml</p>
        <p class="right price"><b>2.69 €</b></p>
        <p class="right unitPrice">3.84 € per litre</p>
    </div>
    <div class="notAvailable">
    <a class="button bgDarkGrey white" href="https://www.spesati.com/vernel-fresh-control-blu-700ml">Not available</a>
</div>
</div><div class="left product prod127"
        data-name="Vernel Concentr Lavanda 700ml"
        data-price="2.69"
        data-id="32476"
        data-available="no"
        data-category="8071"
        data-bestselling="">
    <a href="https://www.spesati.com/vernel-concentr-lavanda-700ml">
        <div style="background-image: url('https://cdn.spesati.com/images/products/000319054/vernel-concentrato-lavanda-700ml-01.png')">
            <div class="hover"></div>
            
            <div class="stickers"></div>
        </div>
    </a>
    <div>
        <h4><a href="https://www.spesati.com/vernel-concentr-lavanda-700ml"><b>Vernel Concentr Lavanda 700ml</b></a></h4>
        <p class="description">VERNEL Concentrato Lavanda 700ml</p>
        <p class="right price"><b>2.69 €</b></p>
        <p class="right unitPrice">3.84 € per litre</p>
    </div>
    <div class="notAvailable">
    <a class="button bgDarkGrey white" href="https://www.spesati.com/vernel-concentr-lavanda-700ml">Not available</a>
</div>
</div><div class="left product prod128"
        data-name="Vernel Blue Oxigen 700ml"
        data-price="2.69"
        data-id="32475"
        data-available="no"
        data-category="8071"
        data-bestselling="">
    <a href="https://www.spesati.com/vernel-blue-oxigen-700ml">
        <div style="background-image: url('https://cdn.spesati.com/images/products/000319053/vernel-concentrato-blu-oxygen-700ml-01.png')">
            <div class="hover"></div>
            
            <div class="stickers"></div>
        </div>
    </a>
    <div>
        <h4><a href="https://www.spesati.com/vernel-blue-oxigen-700ml"><b>Vernel Blue Oxigen 700ml</b></a></h4>
        <p class="description">VERNEL Concentrato Blu Oxygen 700ml</p>
        <p class="right price"><b>2.69 €</b></p>
        <p class="right unitPrice">3.84 € per litre</p>
    </div>
    <div class="notAvailable">
    <a class="button bgDarkGrey white" href="https://www.spesati.com/vernel-blue-oxigen-700ml">Not available</a>
</div>
</div><div class="left product prod129"
        data-name="Bio Presto Liquido Stiro Facile 18 Lavaggi"
        data-price="4.23"
        data-id="14608"
        data-available="no"
        data-category="8071"
        data-bestselling="">
    <a href="https://www.spesati.com/bio-presto-liquido-stiro-facile-18-lavaggi">
        <div style="background-image: url('https://cdn.spesati.com/images/products/000318933/bio-presto-stiro-facile-18-lav---900-ml-01.png')">
            <div class="hover"></div>
            
            <div class="stickers"></div>
        </div>
    </a>
    <div>
        <h4><a href="https://www.spesati.com/bio-presto-liquido-stiro-facile-18-lavaggi"><b>Bio Presto Liquido Stiro Facile 18 Lavaggi</b></a></h4>
        <p class="description">BIO PRESTO Stiro Facile 18 lav. - 900 ml.</p>
        <p class="right price"><b>4.23 €</b></p>
        <p class="right unitPrice">4.23 € per litre</p>
    </div>
    <div class="notAvailable">
    <a class="button bgDarkGrey white" href="https://www.spesati.com/bio-presto-liquido-stiro-facile-18-lavaggi">Not available</a>
</div>
</div><div class="left product prod130"
        data-name="Bio Presto Liq Classico 36lav"
        data-price="5.81"
        data-id="59274"
        data-available="no"
        data-category="8071"
        data-bestselling="">
    <a href="https://www.spesati.com/bio-presto-liq-classico-36lav">
        <div style="background-image: url('https://cdn.spesati.com/images/products/000314757/bio-presto-classico-liquido-36lav-01.png')">
            <div class="hover"></div>
            
            <div class="stickers"></div>
        </div>
    </a>
    <div>
        <h4><a href="https://www.spesati.com/bio-presto-liq-classico-36lav"><b>Bio Presto Liq Classico 36lav</b></a></h4>
        <p class="description">BIO PRESTO Classico Liquido 36lav</p>
        <p class="right price"><b>5.81 €</b></p>
        <p class="right unitPrice">3.12 € per litre</p>
    </div>
    <div class="notAvailable">
    <a class="button bgDarkGrey white" href="https://www.spesati.com/bio-presto-liq-classico-36lav">Not available</a>
</div>
</div><div class="left product prod131"
        data-name="Napisan Liq Prof Primav 1,2lt"
        data-price="6.43"
        data-id="59259"
        data-available="no"
        data-category="8071"
        data-bestselling="">
    <a href="https://www.spesati.com/napisan-liq-prof-primav-12lt">
        <div style="background-image: url('https://cdn.spesati.com/images/products/000314751/napisan-additivo-igienizzante-profumo-di-primavera-1200-ml-01.png')">
            <div class="hover"></div>
            
            <div class="stickers"></div>
        </div>
    </a>
    <div>
        <h4><a href="https://www.spesati.com/napisan-liq-prof-primav-12lt"><b>Napisan Liq Prof Primav 1,2lt</b></a></h4>
        <p class="description">Napisan Additivo Igienizzante Profumo di Primavera 1200 mL</p>
        <p class="right price"><b>6.43 €</b></p>
        <p class="right unitPrice">5.37 € per litre</p>
    </div>
    <div class="notAvailable">
    <a class="button bgDarkGrey white" href="https://www.spesati.com/napisan-liq-prof-primav-12lt">Not available</a>
</div>
</div><div class="left product prod132"
        data-name="Sole Bucato Mughetto E Talco"
        data-price="2.66"
        data-id="1143"
        data-available="no"
        data-category="8071"
        data-bestselling="">
    <a href="https://www.spesati.com/sole-bucato-mughetto-e-talco">
        <div style="background-image: url('https://cdn.spesati.com/images/products/000307462/sole-detersivo-lavatrice-carezza-di-talco-16-lavaggi-1-l-01.png')">
            <div class="hover"></div>
            
            <div class="stickers"></div>
        </div>
    </a>
    <div>
        <h4><a href="https://www.spesati.com/sole-bucato-mughetto-e-talco"><b>Sole Bucato Mughetto E Talco</b></a></h4>
        <p class="description">Sole Detersivo lavatrice Carezza di Talco 16 lavaggi 1 L</p>
        <p class="right price"><b>2.66 €</b></p>
        <p class="right unitPrice">2.66 € per litre</p>
    </div>
    <div class="notAvailable">
    <a class="button bgDarkGrey white" href="https://www.spesati.com/sole-bucato-mughetto-e-talco">Not available</a>
</div>
</div><div class="left product prod133"
        data-name="Mollette Minerva Moplen 10Pz"
        data-price="1.06"
        data-id="6729"
        data-available="no"
        data-category="8071"
        data-bestselling="">
    <a href="https://www.spesati.com/mollette-minerva-moplen-10pz">
        <div style="background-image: url('https://cdn.spesati.com/images/products/000307296/minerva-10-mollette-moplen-01.png')">
            <div class="hover"></div>
            
            <div class="stickers"></div>
        </div>
    </a>
    <div>
        <h4><a href="https://www.spesati.com/mollette-minerva-moplen-10pz"><b>Mollette Minerva Moplen 10Pz</b></a></h4>
        <p class="description">Minerva 10 mollette moplen</p>
        <p class="right price"><b>1.06 €</b></p>
        <p class="right unitPrice">1.06 € per piece</p>
    </div>
    <div class="notAvailable">
    <a class="button bgDarkGrey white" href="https://www.spesati.com/mollette-minerva-moplen-10pz">Not available</a>
</div>
</div><div class="left product prod134"
        data-name="Winni's Naturel Ammorbidente"
        data-price="2.39"
        data-id="1154"
        data-available="no"
        data-category="8071"
        data-bestselling="">
    <a href="https://www.spesati.com/winnis-naturel-ammorbidente">
        <div style="background-image: url('https://cdn.spesati.com/images/products/000301907/winnis-naturel-ammorbidente-concentrato-fiori-bianchi-750-ml-01.png')">
            <div class="hover"></div>
            
            <div class="stickers"></div>
        </div>
    </a>
    <div>
        <h4><a href="https://www.spesati.com/winnis-naturel-ammorbidente"><b>Winni's Naturel Ammorbidente</b></a></h4>
        <p class="description">Winni's Naturel Ammorbidente Concentrato Fiori Bianchi 750 ml</p>
        <p class="right price"><b>2.39 €</b></p>
        <p class="right unitPrice">3.18 € per litre</p>
    </div>
    <div class="notAvailable">
    <a class="button bgDarkGrey white" href="https://www.spesati.com/winnis-naturel-ammorbidente">Not available</a>
</div>
</div><div class="left product prod135"
        data-name="Omino B Det Lav Musch Bi 1.5lt"
        data-price="4.84"
        data-id="29380"
        data-available="no"
        data-category="8071"
        data-bestselling="">
    <a href="https://www.spesati.com/omino-b-det-lav-musch-bi-15lt">
        <div style="background-image: url('https://cdn.spesati.com/images/products/000301662/omino-bianco-detersivo-lavatrice-liquido-con-essenza-di-muschio-bianco-30-lavaggi-1500-ml-01.png')">
            <div class="hover"></div>
            
            <div class="stickers"></div>
        </div>
    </a>
    <div>
        <h4><a href="https://www.spesati.com/omino-b-det-lav-musch-bi-15lt"><b>Omino B Det Lav Musch Bi 1.5lt</b></a></h4>
        <p class="description">Omino Bianco - Detersivo Lavatrice Liquido, con Essenza di Muschio Bianco, 30 Lavaggi, 1500 ml</p>
        <p class="right price"><b>4.84 €</b></p>
        <p class="right unitPrice">3.23 € per litre</p>
    </div>
    <div class="notAvailable">
    <a class="button bgDarkGrey white" href="https://www.spesati.com/omino-b-det-lav-musch-bi-15lt">Not available</a>
</div>
</div><div class="left product prod136"
        data-name="Dixan Lavatrice Lavanda 19 Misurini 950 ml"
        data-price="5.31"
        data-id="4436"
        data-available="no"
        data-category="8071"
        data-bestselling="">
    <a href="https://www.spesati.com/dixan-lavatrice-lavanda-19-misurini-950-ml">
        <div style="background-image: url('https://cdn.spesati.com/images/products/000301490/dixan-liquido-lavanda-19-lav---950-ml-01.png')">
            <div class="hover"></div>
            
            <div class="stickers"></div>
        </div>
    </a>
    <div>
        <h4><a href="https://www.spesati.com/dixan-lavatrice-lavanda-19-misurini-950-ml"><b>Dixan Lavatrice Lavanda 19 Misurini 950 ml</b></a></h4>
        <p class="description">Dixan Liquido Lavanda 19 lav. - 950 ml.</p>
        <p class="right price"><b>5.31 €</b></p>
        <p class="right unitPrice">5.59 € per litre</p>
    </div>
    <div class="notAvailable">
    <a class="button bgDarkGrey white" href="https://www.spesati.com/dixan-lavatrice-lavanda-19-misurini-950-ml">Not available</a>
</div>
</div><div class="left product prod137"
        data-name="Dixan Lavatrice Colorati 19 Misurini 950 ml"
        data-price="5.31"
        data-id="5423"
        data-available="no"
        data-category="8071"
        data-bestselling="">
    <a href="https://www.spesati.com/dixan-lavatrice-colorati-19-misurini-950-ml">
        <div style="background-image: url('https://cdn.spesati.com/images/products/000301489/dixan-liquido-multicolor-19-lav---950-ml-01.png')">
            <div class="hover"></div>
            
            <div class="stickers"></div>
        </div>
    </a>
    <div>
        <h4><a href="https://www.spesati.com/dixan-lavatrice-colorati-19-misurini-950-ml"><b>Dixan Lavatrice Colorati 19 Misurini 950 ml</b></a></h4>
        <p class="description">Dixan Liquido Multicolor 19 lav. - 950 ml.</p>
        <p class="right price"><b>5.31 €</b></p>
        <p class="right unitPrice">5.59 € per litre</p>
    </div>
    <div class="notAvailable">
    <a class="button bgDarkGrey white" href="https://www.spesati.com/dixan-lavatrice-colorati-19-misurini-950-ml">Not available</a>
</div>
</div><div class="left product prod138"
        data-name="Dixan Lavatrice Classico 19 Misurini 950 ml"
        data-price="5.31"
        data-id="5424"
        data-available="no"
        data-category="8071"
        data-bestselling="">
    <a href="https://www.spesati.com/dixan-lavatrice-classico-19-misurini-950-ml">
        <div style="background-image: url('https://cdn.spesati.com/images/products/000301473/-01.png')">
            <div class="hover"></div>
            
            <div class="stickers"></div>
        </div>
    </a>
    <div>
        <h4><a href="https://www.spesati.com/dixan-lavatrice-classico-19-misurini-950-ml"><b>Dixan Lavatrice Classico 19 Misurini 950 ml</b></a></h4>
        <p class="description">DIXAN Liquido Classico 360° - 950 ml. - 19 Lav.</p>
        <p class="right price"><b>5.31 €</b></p>
        <p class="right unitPrice">5.59 € per litre</p>
    </div>
    <div class="notAvailable">
    <a class="button bgDarkGrey white" href="https://www.spesati.com/dixan-lavatrice-classico-19-misurini-950-ml">Not available</a>
</div>
</div><div class="left product prod139"
        data-name="Omino Bianco Polvere Disinfettante 450Gr"
        data-price="3.69"
        data-id="6661"
        data-available="no"
        data-category="8071"
        data-bestselling="">
    <a href="https://www.spesati.com/omino-bianco-polvere-disinfettante-450gr">
        <div style="background-image: url('https://cdn.spesati.com/images/products/000301187/omino-bianco-additivo-disinfettante-deo-450-g-01.png')">
            <div class="hover"></div>
            
            <div class="stickers"></div>
        </div>
    </a>
    <div>
        <h4><a href="https://www.spesati.com/omino-bianco-polvere-disinfettante-450gr"><b>Omino Bianco Polvere Disinfettante 450Gr</b></a></h4>
        <p class="description">Omino Bianco Additivo Disinfettante Deo+ 450 g</p>
        <p class="right price"><b>3.69 €</b></p>
        <p class="right unitPrice">8.20 € per kg</p>
    </div>
    <div class="notAvailable">
    <a class="button bgDarkGrey white" href="https://www.spesati.com/omino-bianco-polvere-disinfettante-450gr">Not available</a>
</div>
</div><div class="left product prod140"
        data-name="Antic Calgon Lavatr Past 15pz"
        data-price="8.58"
        data-id="29309"
        data-available="no"
        data-category="8071"
        data-bestselling="">
    <a href="https://www.spesati.com/antic-calgon-lavatr-past-15pz">
        <div style="background-image: url('https://cdn.spesati.com/images/products/000301062/calgon-pastiglie-anticalcare-lavatrice-3in1-15-tabs-195-gr-01.png')">
            <div class="hover"></div>
            
            <div class="stickers"></div>
        </div>
    </a>
    <div>
        <h4><a href="https://www.spesati.com/antic-calgon-lavatr-past-15pz"><b>Antic Calgon Lavatr Past 15pz</b></a></h4>
        <p class="description">Calgon Pastiglie Anticalcare lavatrice 3in1 15 Tabs - 195 gr</p>
        <p class="right price"><b>8.58 €</b></p>
        <p class="right unitPrice">44.02 € per kg</p>
    </div>
    <div class="notAvailable">
    <a class="button bgDarkGrey white" href="https://www.spesati.com/antic-calgon-lavatr-past-15pz">Not available</a>
</div>
</div><div class="left product prod141"
        data-name="Bio Presto Bucato Mano Ml 750"
        data-price="3.63"
        data-id="5552"
        data-available="no"
        data-category="8071"
        data-bestselling="">
    <a href="https://www.spesati.com/bio-presto-bucato-mano-ml-750">
        <div style="background-image: url('https://cdn.spesati.com/images/products/000301030/bio-presto-bucato-a-mano-750-ml-01.png')">
            <div class="hover"></div>
            
            <div class="stickers"></div>
        </div>
    </a>
    <div>
        <h4><a href="https://www.spesati.com/bio-presto-bucato-mano-ml-750"><b>Bio Presto Bucato Mano Ml 750</b></a></h4>
        <p class="description">BIO PRESTO Bucato a Mano 750 ml</p>
        <p class="right price"><b>3.63 €</b></p>
        <p class="right unitPrice">4.84 € per litre</p>
    </div>
    <div class="notAvailable">
    <a class="button bgDarkGrey white" href="https://www.spesati.com/bio-presto-bucato-mano-ml-750">Not available</a>
</div>
</div><div class="left product prod142"
        data-name="Omino B Det Lav C-igien 1.5lt"
        data-price="4.84"
        data-id="29303"
        data-available="no"
        data-category="8071"
        data-bestselling="">
    <a href="https://www.spesati.com/omino-b-det-lav-c-igien-15lt">
        <div style="background-image: url('https://cdn.spesati.com/images/products/000300995/omino-bianco-detersivo-lavatrice-igienizzante-liquido-30-lavaggi-1500-ml-01.png')">
            <div class="hover"></div>
            
            <div class="stickers"></div>
        </div>
    </a>
    <div>
        <h4><a href="https://www.spesati.com/omino-b-det-lav-c-igien-15lt"><b>Omino B Det Lav C-igien 1.5lt</b></a></h4>
        <p class="description">Omino Bianco - Detersivo Lavatrice Igienizzante Liquido, 30 Lavaggi, 1500 ml</p>
        <p class="right price"><b>4.84 €</b></p>
        <p class="right unitPrice">3.23 € per litre</p>
    </div>
    <div class="notAvailable">
    <a class="button bgDarkGrey white" href="https://www.spesati.com/omino-b-det-lav-c-igien-15lt">Not available</a>
</div>
</div><div class="left product prod143"
        data-name="Grey Acchiappacolore 16+4fg"
        data-price="4.39"
        data-id="79982"
        data-available="no"
        data-category="8071"
        data-bestselling="">
    <a href="https://www.spesati.com/grey-acchiappacolore-164fg">
        <div style="background-image: url('https://cdn.spesati.com/images/products/000300977/grey-lacchiappacolore-164-fogli-01.png')">
            <div class="hover"></div>
            
            <div class="stickers"></div>
        </div>
    </a>
    <div>
        <h4><a href="https://www.spesati.com/grey-acchiappacolore-164fg"><b>Grey Acchiappacolore 16+4fg</b></a></h4>
        <p class="description">GREY l'Acchiappacolore 16+4 fogli</p>
        <p class="right price"><b>4.39 €</b></p>
        <p class="right unitPrice">4.39 € per piece</p>
    </div>
    <div class="notAvailable">
    <a class="button bgDarkGrey white" href="https://www.spesati.com/grey-acchiappacolore-164fg">Not available</a>
</div>
</div><div class="left product prod144"
        data-name="Cantinetta Legno 4 Bott Vino"
        data-price="29.80"
        data-id="30793"
        data-available="no"
        data-category="8071"
        data-bestselling="">
    <a href="https://www.spesati.com/cantinetta-legno-4-bott-vino">
        <div style="background-image: url('https://cdn.spesati.com/images/products/missing-image/missing-image.jpg')">
            <div class="hover"></div>
            
            <div class="stickers"></div>
        </div>
    </a>
    <div>
        <h4><a href="https://www.spesati.com/cantinetta-legno-4-bott-vino"><b>Cantinetta Legno 4 Bott Vino</b></a></h4>
        <p class="description">1 piece</p>
        <p class="right price"><b>29.80 €</b></p>
        <p class="right unitPrice">29.80 € per piece</p>
    </div>
    <div class="notAvailable">
    <a class="button bgDarkGrey white" href="https://www.spesati.com/cantinetta-legno-4-bott-vino">Not available</a>
</div>
</div><div class="left product prod145"
        data-name="Accendifuoco Familia Rete 4kg"
        data-price="5.99"
        data-id="31146"
        data-available="no"
        data-category="8071"
        data-bestselling="">
    <a href="https://www.spesati.com/accendifuoco-familia-rete-4kg">
        <div style="background-image: url('https://cdn.spesati.com/images/products/missing-image/missing-image.jpg')">
            <div class="hover"></div>
            
            <div class="stickers"></div>
        </div>
    </a>
    <div>
        <h4><a href="https://www.spesati.com/accendifuoco-familia-rete-4kg"><b>Accendifuoco Familia Rete 4kg</b></a></h4>
        <p class="description">4 Kg</p>
        <p class="right price"><b>5.99 €</b></p>
        <p class="right unitPrice">1.50 € per kg</p>
    </div>
    <div class="notAvailable">
    <a class="button bgDarkGrey white" href="https://www.spesati.com/accendifuoco-familia-rete-4kg">Not available</a>
</div>
</div><div class="left product prod146"
        data-name="Det Lavatrice Ipoallerg 1lt"
        data-price="7.13"
        data-id="31571"
        data-available="no"
        data-category="8071"
        data-bestselling="">
    <a href="https://www.spesati.com/det-lavatrice-ipoallerg-1lt">
        <div style="background-image: url('https://cdn.spesati.com/images/products/missing-image/missing-image.jpg')">
            <div class="hover"></div>
            
            <div class="stickers"></div>
        </div>
    </a>
    <div>
        <h4><a href="https://www.spesati.com/det-lavatrice-ipoallerg-1lt"><b>Det Lavatrice Ipoallerg 1lt</b></a></h4>
        <p class="description">1 Lt</p>
        <p class="right price"><b>7.13 €</b></p>
        <p class="right unitPrice">7.14 € per litre</p>
    </div>
    <div class="notAvailable">
    <a class="button bgDarkGrey white" href="https://www.spesati.com/det-lavatrice-ipoallerg-1lt">Not available</a>
</div>
</div><div class="left product prod147"
        data-name="Ammorb Lavatrice Ipoallerg 1lt"
        data-price="3.29"
        data-id="31572"
        data-available="no"
        data-category="8071"
        data-bestselling="">
    <a href="https://www.spesati.com/ammorb-lavatrice-ipoallerg-1lt">
        <div style="background-image: url('https://cdn.spesati.com/images/products/missing-image/missing-image.jpg')">
            <div class="hover"></div>
            
            <div class="stickers"></div>
        </div>
    </a>
    <div>
        <h4><a href="https://www.spesati.com/ammorb-lavatrice-ipoallerg-1lt"><b>Ammorb Lavatrice Ipoallerg 1lt</b></a></h4>
        <p class="description">1 Lt</p>
        <p class="right price"><b>3.29 €</b></p>
        <p class="right unitPrice">3.29 € per litre</p>
    </div>
    <div class="notAvailable">
    <a class="button bgDarkGrey white" href="https://www.spesati.com/ammorb-lavatrice-ipoallerg-1lt">Not available</a>
</div>
</div><div class="left product prod148"
        data-name="Macch Tritaghiaccio Horecatech"
        data-price="138.91"
        data-id="31656"
        data-available="no"
        data-category="8071"
        data-bestselling="">
    <a href="https://www.spesati.com/macch-tritaghiaccio-horecatech">
        <div style="background-image: url('https://cdn.spesati.com/images/products/missing-image/missing-image.jpg')">
            <div class="hover"></div>
            
            <div class="stickers"></div>
        </div>
    </a>
    <div>
        <h4><a href="https://www.spesati.com/macch-tritaghiaccio-horecatech"><b>Macch Tritaghiaccio Horecatech</b></a></h4>
        <p class="description">1 piece</p>
        <p class="right price"><b>138.91 €</b></p>
        <p class="right unitPrice">138.91 € per piece</p>
    </div>
    <div class="notAvailable">
    <a class="button bgDarkGrey white" href="https://www.spesati.com/macch-tritaghiaccio-horecatech">Not available</a>
</div>
</div><div class="left product prod149"
        data-name="Vetrina Riscald X2 Horecatech"
        data-price="572.03"
        data-id="31657"
        data-available="no"
        data-category="8071"
        data-bestselling="">
    <a href="https://www.spesati.com/vetrina-riscald-x2-horecatech">
        <div style="background-image: url('https://cdn.spesati.com/images/products/missing-image/missing-image.jpg')">
            <div class="hover"></div>
            
            <div class="stickers"></div>
        </div>
    </a>
    <div>
        <h4><a href="https://www.spesati.com/vetrina-riscald-x2-horecatech"><b>Vetrina Riscald X2 Horecatech</b></a></h4>
        <p class="description">1 piece</p>
        <p class="right price"><b>572.03 €</b></p>
        <p class="right unitPrice">572.03 € per piece</p>
    </div>
    <div class="notAvailable">
    <a class="button bgDarkGrey white" href="https://www.spesati.com/vetrina-riscald-x2-horecatech">Not available</a>
</div>
</div><div class="left product prod150"
        data-name="Piastr Panini Media Horecatech"
        data-price="547.50"
        data-id="31661"
        data-available="no"
        data-category="8071"
        data-bestselling="">
    <a href="https://www.spesati.com/piastr-panini-media-horecatech">
        <div style="background-image: url('https://cdn.spesati.com/images/products/missing-image/missing-image.jpg')">
            <div class="hover"></div>
            
            <div class="stickers"></div>
        </div>
    </a>
    <div>
        <h4><a href="https://www.spesati.com/piastr-panini-media-horecatech"><b>Piastr Panini Media Horecatech</b></a></h4>
        <p class="description">1 piece</p>
        <p class="right price"><b>547.50 €</b></p>
        <p class="right unitPrice">547.50 € per piece</p>
    </div>
    <div class="notAvailable">
    <a class="button bgDarkGrey white" href="https://www.spesati.com/piastr-panini-media-horecatech">Not available</a>
</div>
</div><div class="left product prod151"
        data-name="Piast Panini Doppia Horecatech"
        data-price="701.20"
        data-id="31662"
        data-available="no"
        data-category="8071"
        data-bestselling="">
    <a href="https://www.spesati.com/piast-panini-doppia-horecatech">
        <div style="background-image: url('https://cdn.spesati.com/images/products/missing-image/missing-image.jpg')">
            <div class="hover"></div>
            
            <div class="stickers"></div>
        </div>
    </a>
    <div>
        <h4><a href="https://www.spesati.com/piast-panini-doppia-horecatech"><b>Piast Panini Doppia Horecatech</b></a></h4>
        <p class="description">1 piece</p>
        <p class="right price"><b>701.20 €</b></p>
        <p class="right unitPrice">701.20 € per piece</p>
    </div>
    <div class="notAvailable">
    <a class="button bgDarkGrey white" href="https://www.spesati.com/piast-panini-doppia-horecatech">Not available</a>
</div>
</div><div class="left product prod152"
        data-name="Bilanc Eletr K30 G5 Horecatech"
        data-price="232.09"
        data-id="31664"
        data-available="no"
        data-category="8071"
        data-bestselling="">
    <a href="https://www.spesati.com/bilanc-eletr-k30-g5-horecatech">
        <div style="background-image: url('https://cdn.spesati.com/images/products/missing-image/missing-image.jpg')">
            <div class="hover"></div>
            
            <div class="stickers"></div>
        </div>
    </a>
    <div>
        <h4><a href="https://www.spesati.com/bilanc-eletr-k30-g5-horecatech"><b>Bilanc Eletr K30 G5 Horecatech</b></a></h4>
        <p class="description">1 piece</p>
        <p class="right price"><b>232.09 €</b></p>
        <p class="right unitPrice">232.09 € per piece</p>
    </div>
    <div class="notAvailable">
    <a class="button bgDarkGrey white" href="https://www.spesati.com/bilanc-eletr-k30-g5-horecatech">Not available</a>
</div>
</div><div class="left product prod153"
        data-name="Bilanc Eletr K20 G1 Horecatech"
        data-price="258.28"
        data-id="31665"
        data-available="no"
        data-category="8071"
        data-bestselling="">
    <a href="https://www.spesati.com/bilanc-eletr-k20-g1-horecatech">
        <div style="background-image: url('https://cdn.spesati.com/images/products/missing-image/missing-image.jpg')">
            <div class="hover"></div>
            
            <div class="stickers"></div>
        </div>
    </a>
    <div>
        <h4><a href="https://www.spesati.com/bilanc-eletr-k20-g1-horecatech"><b>Bilanc Eletr K20 G1 Horecatech</b></a></h4>
        <p class="description">1 piece</p>
        <p class="right price"><b>258.28 €</b></p>
        <p class="right unitPrice">258.29 € per piece</p>
    </div>
    <div class="notAvailable">
    <a class="button bgDarkGrey white" href="https://www.spesati.com/bilanc-eletr-k20-g1-horecatech">Not available</a>
</div>
</div><div class="left product prod154"
        data-name="Torcia X Flambare Horecatech"
        data-price="54.20"
        data-id="31671"
        data-available="no"
        data-category="8071"
        data-bestselling="">
    <a href="https://www.spesati.com/torcia-x-flambare-horecatech">
        <div style="background-image: url('https://cdn.spesati.com/images/products/missing-image/missing-image.jpg')">
            <div class="hover"></div>
            
            <div class="stickers"></div>
        </div>
    </a>
    <div>
        <h4><a href="https://www.spesati.com/torcia-x-flambare-horecatech"><b>Torcia X Flambare Horecatech</b></a></h4>
        <p class="description">1 piece</p>
        <p class="right price"><b>54.20 €</b></p>
        <p class="right unitPrice">54.20 € per piece</p>
    </div>
    <div class="notAvailable">
    <a class="button bgDarkGrey white" href="https://www.spesati.com/torcia-x-flambare-horecatech">Not available</a>
</div>
</div><div class="left product prod155"
        data-name="Termometro Digitale Horecatech"
        data-price="26.92"
        data-id="31672"
        data-available="no"
        data-category="8071"
        data-bestselling="">
    <a href="https://www.spesati.com/termometro-digitale-horecatech">
        <div style="background-image: url('https://cdn.spesati.com/images/products/missing-image/missing-image.jpg')">
            <div class="hover"></div>
            
            <div class="stickers"></div>
        </div>
    </a>
    <div>
        <h4><a href="https://www.spesati.com/termometro-digitale-horecatech"><b>Termometro Digitale Horecatech</b></a></h4>
        <p class="description">1 piece</p>
        <p class="right price"><b>26.92 €</b></p>
        <p class="right unitPrice">26.91 € per piece</p>
    </div>
    <div class="notAvailable">
    <a class="button bgDarkGrey white" href="https://www.spesati.com/termometro-digitale-horecatech">Not available</a>
</div>
</div><div class="left product prod156"
        data-name="Tostiera Nastro Dop Horekatech"
        data-price="983.63"
        data-id="31945"
        data-available="no"
        data-category="8071"
        data-bestselling="">
    <a href="https://www.spesati.com/tostiera-nastro-dop-horekatech">
        <div style="background-image: url('https://cdn.spesati.com/images/products/missing-image/missing-image.jpg')">
            <div class="hover"></div>
            
            <div class="stickers"></div>
        </div>
    </a>
    <div>
        <h4><a href="https://www.spesati.com/tostiera-nastro-dop-horekatech"><b>Tostiera Nastro Dop Horekatech</b></a></h4>
        <p class="description">1 piece</p>
        <p class="right price"><b>983.63 €</b></p>
        <p class="right unitPrice">983.63 € per piece</p>
    </div>
    <div class="notAvailable">
    <a class="button bgDarkGrey white" href="https://www.spesati.com/tostiera-nastro-dop-horekatech">Not available</a>
</div>
</div><div class="left product prod157"
        data-name="Ammorbidente Talco 5 Lt"
        data-price="6.59"
        data-id="32458"
        data-available="no"
        data-category="8071"
        data-bestselling="">
    <a href="https://www.spesati.com/ammorbidente-talco-5-lt">
        <div style="background-image: url('https://cdn.spesati.com/images/products/missing-image/missing-image.jpg')">
            <div class="hover"></div>
            
            <div class="stickers"></div>
        </div>
    </a>
    <div>
        <h4><a href="https://www.spesati.com/ammorbidente-talco-5-lt"><b>Ammorbidente Talco 5 Lt</b></a></h4>
        <p class="description">1 piece</p>
        <p class="right price"><b>6.59 €</b></p>
        <p class="right unitPrice">6.59 € per piece</p>
    </div>
    <div class="notAvailable">
    <a class="button bgDarkGrey white" href="https://www.spesati.com/ammorbidente-talco-5-lt">Not available</a>
</div>
</div><div class="left product prod158"
        data-name="Dixan Liq Antiodore 18lav"
        data-price="5.31"
        data-id="32817"
        data-available="no"
        data-category="8071"
        data-bestselling="">
    <a href="https://www.spesati.com/dixan-liq-antiodore-18lav">
        <div style="background-image: url('https://cdn.spesati.com/images/products/missing-image/missing-image.jpg')">
            <div class="hover"></div>
            
            <div class="stickers"></div>
        </div>
    </a>
    <div>
        <h4><a href="https://www.spesati.com/dixan-liq-antiodore-18lav"><b>Dixan Liq Antiodore 18lav</b></a></h4>
        <p class="description">0.93 Lt</p>
        <p class="right price"><b>5.31 €</b></p>
        <p class="right unitPrice">5.73 € per litre</p>
    </div>
    <div class="notAvailable">
    <a class="button bgDarkGrey white" href="https://www.spesati.com/dixan-liq-antiodore-18lav">Not available</a>
</div>
</div><div class="left product prod159"
        data-name="Mini Luci Led Memory 160"
        data-price="37.39"
        data-id="34654"
        data-available="no"
        data-category="8071"
        data-bestselling="">
    <a href="https://www.spesati.com/mini-luci-led-memory-160">
        <div style="background-image: url('https://cdn.spesati.com/images/products/missing-image/missing-image.jpg')">
            <div class="hover"></div>
            
            <div class="stickers"></div>
        </div>
    </a>
    <div>
        <h4><a href="https://www.spesati.com/mini-luci-led-memory-160"><b>Mini Luci Led Memory 160</b></a></h4>
        <p class="description">1 piece</p>
        <p class="right price"><b>37.39 €</b></p>
        <p class="right unitPrice">37.39 € per piece</p>
    </div>
    <div class="notAvailable">
    <a class="button bgDarkGrey white" href="https://www.spesati.com/mini-luci-led-memory-160">Not available</a>
</div>
</div><div class="left product prod160"
        data-name="Box 6 Sfere Bianca"
        data-price="3.46"
        data-id="34662"
        data-available="no"
        data-category="8071"
        data-bestselling="">
    <a href="https://www.spesati.com/box-6-sfere-bianca">
        <div style="background-image: url('https://cdn.spesati.com/images/products/missing-image/missing-image.jpg')">
            <div class="hover"></div>
            
            <div class="stickers"></div>
        </div>
    </a>
    <div>
        <h4><a href="https://www.spesati.com/box-6-sfere-bianca"><b>Box 6 Sfere Bianca</b></a></h4>
        <p class="description">1 piece</p>
        <p class="right price"><b>3.46 €</b></p>
        <p class="right unitPrice">3.45 € per piece</p>
    </div>
    <div class="notAvailable">
    <a class="button bgDarkGrey white" href="https://www.spesati.com/box-6-sfere-bianca">Not available</a>
</div>
</div><div class="left product prod161"
        data-name="Box 6 Sfere Bianca 10cm"
        data-price="11.49"
        data-id="34669"
        data-available="no"
        data-category="8071"
        data-bestselling="">
    <a href="https://www.spesati.com/box-6-sfere-bianca-10cm">
        <div style="background-image: url('https://cdn.spesati.com/images/products/missing-image/missing-image.jpg')">
            <div class="hover"></div>
            
            <div class="stickers"></div>
        </div>
    </a>
    <div>
        <h4><a href="https://www.spesati.com/box-6-sfere-bianca-10cm"><b>Box 6 Sfere Bianca 10cm</b></a></h4>
        <p class="description">1 piece</p>
        <p class="right price"><b>11.49 €</b></p>
        <p class="right unitPrice">0.00 € per piece</p>
    </div>
    <div class="notAvailable">
    <a class="button bgDarkGrey white" href="https://www.spesati.com/box-6-sfere-bianca-10cm">Not available</a>
</div>
</div><div class="left product prod162"
        data-name="28 Sfere Cm 6 Glitter Bianco"
        data-price="13.16"
        data-id="34670"
        data-available="no"
        data-category="8071"
        data-bestselling="">
    <a href="https://www.spesati.com/28-sfere-cm-6-glitter-bianco">
        <div style="background-image: url('https://cdn.spesati.com/images/products/missing-image/missing-image.jpg')">
            <div class="hover"></div>
            
            <div class="stickers"></div>
        </div>
    </a>
    <div>
        <h4><a href="https://www.spesati.com/28-sfere-cm-6-glitter-bianco"><b>28 Sfere Cm 6 Glitter Bianco</b></a></h4>
        <p class="description">1 piece</p>
        <p class="right price"><b>13.16 €</b></p>
        <p class="right unitPrice">0.00 € per piece</p>
    </div>
    <div class="notAvailable">
    <a class="button bgDarkGrey white" href="https://www.spesati.com/28-sfere-cm-6-glitter-bianco">Not available</a>
</div>
</div><div class="left product prod163"
        data-name="Stopper Centromarket"
        data-price="0.08"
        data-id="35137"
        data-available="no"
        data-category="8071"
        data-bestselling="">
    <a href="https://www.spesati.com/stopper-centromarket">
        <div style="background-image: url('https://cdn.spesati.com/images/products/missing-image/missing-image.jpg')">
            <div class="hover"></div>
            
            <div class="stickers"></div>
        </div>
    </a>
    <div>
        <h4><a href="https://www.spesati.com/stopper-centromarket"><b>Stopper Centromarket</b></a></h4>
        <p class="description">1 piece</p>
        <p class="right price"><b>0.08 €</b></p>
        <p class="right unitPrice">0.07 € per piece</p>
    </div>
    <div class="notAvailable">
    <a class="button bgDarkGrey white" href="https://www.spesati.com/stopper-centromarket">Not available</a>
</div>
</div>        </div>
    </div>
</section>
<div class="footer">
    <div class="bgDarkGrey"></div>
    <footer>
        <div class="left bgDarkGrey">
            <a id="logoFooter" href="https://www.spesati.com/" class="estDynamic">
                <img src="http://cdn.spesati.com/images/layout/logo-eng.png" alt="Spesati.com" />
                <h2 class="red">Grocery Delivery</h2>
            </a>
            <a class="button bgRed white mobile" href="tel:390707968318">Phone order</a>
            <a class="button bgRed white desktop" href="https://www.spesati.com/news/2020-04-07/news-on-spesati-the-telephone-order-service-is-active">Phone order</a>
            <a class="button bgRed white" href="https://www.spesati.com/cdn-cgi/l/email-protection#f49d9a929bb48784918795809dda979b99">Send mail</a>
            <div id="social">
                <a class="left" href="https://www.facebook.com/spesati/" rel="external" target="_blank">
                    <span class="facebook bgRed fa-stack fa-lg">
                        <i class="fa fa-facebook fa-stack-1x "></i>
                    </span>
                </a>
                <a class="right" href="https://twitter.com/spesati" rel="external" target="_blank">
                    <span class="twitter bgRed fa-stack fa-lg">
                        <i class="fa fa-twitter fa-stack-1x "></i>
                    </span>
                </a>
            </div>
            <p>Copyright 2024 Spesati.com </p>
            
                    <p>All rights reserved</p>
                    <p>SPESATI SRL</p>
                    <p>Corso Vittorio Veneto 15/I, 07026, Olbia</p>
                    <p>CF e P.Iva: 02772380909</p>
                        </div>
        <div class="center bgRed">
            <div class="top">
                <h3>Categories</h3>
                <div class="col">
                    <ul>
                        <li>
                            <a href="#" class="estDynamic">On sale</a>
                        </li>
                        <li>
                            <a href="https://www.spesati.com/fruit-and-vegetables" class="estDynamic">Fruit and vegetables</a>
                        </li>
                        <li>
                            <a href="https://www.spesati.com/fresh-products" class="estDynamic">Fresh products</a>
                        </li>
                        <li>
                            <a href="https://www.spesati.com/frozen-foods" class="estDynamic">Frozen foods</a>
                        </li>
                        <li>
                            <a href="https://www.spesati.com/bread-and-pasta" class="estDynamic">Bread and pasta</a>
                        </li>
                        <li>
                            <a href="https://www.spesati.com/meat" class="estDynamic">Meat</a>
                        </li>
                        <li>
                            <a href="https://www.spesati.com/fish" class="estDynamic">Fish</a>
                        </li>
                    </ul>
                </div>
                <div class="col">
                    <ul>
                        <li>
                            <a href="https://www.spesati.com/wine-beer-and-spirits" class="estDynamic">Wine beer and spirits</a>
                        </li>
                        <li>
                            <a href="https://www.spesati.com/water-and-drinks" class="estDynamic">Water and drinks</a>
                        </li>
                        <li>
                            <a href="https://www.spesati.com/sweets" class="estDynamic">Sweets</a>
                        </li>
                        <li>
                            <a href="https://www.spesati.com/shelf" class="estDynamic">Cupboard</a>
                        </li>
                        <li>
                            <a href="https://www.spesati.com/personal-care" class="estDynamic">Personal care</a>
                        </li>
                        <li>
                            <a href="https://www.spesati.com/household-and-outdoors" class="estDynamic">Home and outdoors</a>
                        </li>
                        <li>
                            <a href="https://www.spesati.com/pet" class="estDynamic">Pets</a>
                        </li>
                    </ul>
                </div>
                <div class="col">
                    <ul>
                        <li>
                            <a href="https://www.spesati.com/technology" class="estDynamic">Technology</a>
                        </li>
                        <li>
                            <a href="https://www.spesati.com/gluten-free" class="estDynamic">Gluten free</a>
                        </li>
                        <li>
                            <a href="https://www.spesati.com/lactose-free" class="estDynamic">Lactose free</a>
                        </li>
                        <li>
                            <a href="https://www.spesati.com/special" class="estDynamic">Special</a>
                        </li>
                        <li>
                            <a href="https://www.spesati.com/sardinian-products" class="estDynamic">Sardinian products</a>
                        </li>
                    </ul>
                </div>
            </div>
            <div class="bottom bgRed">
                <div class="left">
                    <h3>Delivery payment</h3>
                    <div>
                        <i class="fa fa-money fa-3x" aria-hidden="true"></i>
                        <p>Cash</p>
                    </div>
                    <div>
                        <i class="fa fa-credit-card fa-3x" aria-hidden="true"></i>
                        <p>Bancomat or card</p>
                    </div>
                </div>
                <div class="right">
                    <h3>Online payment</h3>
                    <div>
                        <i class="fa fa-credit-card fa-3x" aria-hidden="true"></i>
                        <p>Credit or debit card <span class="red">online</span></p>
                    </div>
                    <div>
                        <i class="fa fa-paypal fa-3x" aria-hidden="true"></i>
                        <p>PayPal</p>
                    </div>
                    <div>
                        <i class="fa fa-university fa-3x" aria-hidden="true"></i>
                        <p>Bank transfer</p>
                    </div>
                </div>
            </div>
        </div>
        <div class="right bgRed">
            <div>
                <i class="fa fa-truck fa-flip-horizontal"></i>
                <a class="button bgYellow white" href="https://www.spesati.com/delivery-prices">Delivery prices</a>
                
                    <h3>Home delivery:</h3>
                    <p><b>Monday to Saturday</b></p>
                    <p><b>9:00 to 20:00</b></p>
                    <p><b>Minimum order:</b> 29€</p>
                    <p><b>Delivery starting from:</b> 3,50€</p>
                            </div>
            <ul>
                <li>
                    <a href="https://www.spesati.com/delivery-prices">Delivery prices</a>
                </li>
                <li>
                    <a href="https://www.spesati.com/about">About</a>
                </li>
                <li>
                    <a href="https://www.spesati.com/faq">Faq</a>
                </li>
                <li>
                    <a href="https://www.spesati.com/customer-care">Support</a>
                </li>
                <li>
                    <a href="https://www.spesati.com/news">Blog</a>
                </li>
                <li>
                    <a href="https://www.spesati.com/terms-and-conditions">Conditions</a>
                </li>
                <li>
                    <a href="https://www.spesati.com/privacy-policy">Privacy policy</a>
                </li>
                <li>
                    <a href="https://www.spesati.com/legal-warranty">Legal guarantee</a>
                </li>
            </ul>
        </div>
    </footer>
    <div class="bgRed"></div>
</div>
<!--Start of Tawk.to Script-->
<script data-cfasync="false" src="https://www.spesati.com/cdn-cgi/scripts/5c5dd728/cloudflare-static/email-decode.min.js"></script><script type="text/javascript">
var Tawk_API=Tawk_API||{}, Tawk_LoadStart=new Date();
(function(){
var s1=document.createElement("script"),s0=document.getElementsByTagName("script")[0];
s1.async=true;
s1.src='https://embed.tawk.to/59e86945c28eca75e4626ed9/default';
s1.charset='UTF-8';
s1.setAttribute('crossorigin','*');
s0.parentNode.insertBefore(s1,s0);
})();
</script>
<!--End of Tawk.to Script-->

<!-- Here are parked a few translatable strings, useful for Javascript rendering -->
<div id="js-texts" hidden>
    <input type="hidden" name="save_cart_notice" value="Saving your cart it will be possible to reload it next time you come for shopping">
    <input type="hidden" name="save_cart_notice_title" value="Want to save your cart?">
    <input type="hidden" name="save_cart_ok" value="Save">
    <input type="hidden" name="save_cart_ko" value="Don't Save">
    <input type="hidden" name="reload_cart" value="The Reload Order function allows you to top up your last cart to make a New Order. Warning: do not use this function to add products to the last order. At this time it is not possible to modify an order placed previously.">
</div>

<!-- new site and login popup -->
</body>
<!-- Mirrored from www.spesati.com/household-and-outdoors/laundry-accessories-and-detergent by HTTrack Website Copier/3.x [XR&CO'2014], Fri, 23 Feb 2024 18:50:15 GMT -->
</html>