<!DOCTYPE html><html lang="en">
<!-- Mirrored from www.spesati.com/household-and-outdoors/repellents by HTTrack Website Copier/3.x [XR&CO'2014], Fri, 23 Feb 2024 18:50:16 GMT -->
<!-- Added by HTTrack --><meta http-equiv="content-type" content="text/html;charset=utf-8" /><!-- /Added by HTTrack -->
<head>
    <title>Repellents - Home and outdoors - Spesati.com</title>
    <meta http-equiv="Content-Type" content="text/html; charset=UTF-8" />
    <meta name="description" content="" />
    <meta name="keywords" content="" />
    <link href="https://www.spesati.com/images/favicon.ico" rel="shortcut icon" type="image/x-icon" />
    <meta name="author" content="www.dodify.com" /><link rel="canonical" href="https://www.spesati.com/household-and-outdoors/repellents" /><link rel="alternate" hreflang="en" href="https://www.spesati.com/household-and-outdoors/repellents" /><link rel="alternate" hreflang="it" href="https://www.spesati.it/pellet-e-casa/repellenti" /><link href="https://cdnjs.cloudflare.com/ajax/libs/meyer-reset/2.0/reset.min.css" rel="stylesheet" type="text/css" /><link href="https://cdnjs.cloudflare.com/ajax/libs/font-awesome/6.5.1/css/all.min.css" rel="stylesheet" type="text/css" /><link href="https://fonts.googleapis.com/css?family=Montserrat:400,700" rel="stylesheet" type="text/css" /><link href="http://cdnjs.cloudflare.com/ajax/libs/fancybox/2.1.5/jquery.fancybox.min.css" rel="stylesheet" type="text/css" /><link href="https://www.spesati.com/style/main.css?v=7" rel="stylesheet" type="text/css" /><link href="https://www.spesati.com/style/lightslider.css" rel="stylesheet" type="text/css" /><link href="https://www.spesati.com/style/categories.css" rel="stylesheet" type="text/css" /><script src="https://cdnjs.cloudflare.com/ajax/libs/jquery/3.6.1/jquery.min.js" type="text/javascript"></script><script src="http://ajax.googleapis.com/ajax/libs/jquery/1.11.0/jquery.min.js" type="text/javascript"></script><script src="http://unpkg.com/@floating-ui/core@0.4.0" type="text/javascript"></script><script src="http://unpkg.com/@floating-ui/dom@0.2.0" type="text/javascript"></script><script src="http://cdnjs.cloudflare.com/ajax/libs/fancybox/2.1.5/jquery.fancybox.min.js" type="text/javascript"></script><script src="https://www.spesati.com/js/menu.js" type="text/javascript"></script><script src="https://www.spesati.com/js/interface.js?v=10" type="text/javascript"></script><script src="https://www.spesati.com/js/spesati.lightslider.min.js" type="text/javascript"></script><meta name="viewport" content="width=device-width, initial-scale=1, maximum-scale=1" /><meta name = "format-detection" content = "telephone=no">
<!-- Facebook Pixel Code -->
<script>
  !function(f,b,e,v,n,t,s)
  {if(f.fbq)return;n=f.fbq=function(){n.callMethod?
  n.callMethod.apply(n,arguments):n.queue.push(arguments)};
  if(!f._fbq)f._fbq=n;n.push=n;n.loaded=!0;n.version='2.0';
  n.queue=[];t=b.createElement(e);t.async=!0;
  t.src=v;s=b.getElementsByTagName(e)[0];
  s.parentNode.insertBefore(t,s)}(window, document,'script',
  'https://connect.facebook.net/en_US/fbevents.js');
  fbq('init', '792335014180667');
  fbq('track', 'PageView');
</script>
<noscript>
    <img height="1" width="1" style="display:none" src="https://www.facebook.com/tr?id=792335014180667&amp;ev=PageView&amp;noscript=1" />
</noscript>
<!-- End Facebook Pixel Code -->

<!-- GA4 -->
<script async src="https://www.googletagmanager.com/gtag/js?id=G-SSS6NRNXL0"></script>
<script>
  window.dataLayer = window.dataLayer || [];
  function gtag(){dataLayer.push(arguments);}
  gtag('js', new Date());
  gtag('config', 'AW-976671669');
  gtag('config', 'G-SSS6NRNXL0');
</script>
<!-- Elements for PWA deploy -->
<link rel="manifest" href="https://www.spesati.com/manifest.json">
<meta name="theme-color" media="(prefers-color-scheme: light)" content="white">
<meta name="theme-color" media="(prefers-color-scheme: dark)"  content="black">
<link href=https://www.spesati.com/images/icon-192.png rel=apple-touch-icon sizes="192x192">
<!-- Establishment logic -->
<script>var pageEstablishment = "Olbia"; var estDefaultPages = true</script>
    <!--[if lt IE 9]>
        <script src="https://cdnjs.cloudflare.com/ajax/libs/html5shiv/3.7.3/html5shiv.min.js" type="text/javascript"></script>
    <![endif]--><script type="text/javascript">
$(document).ready(function() {
    // Check if exists cookie
    if(document.cookie.indexOf("cookieAccepted") < 0) {
        var cookieText = '<div id=\"cookie\"><p>This site uses cookies. Cookies are used for ads personalisation. <a href=\"/privacy-policy\">More info</a></p><button id=\"cookieConsent\" type=\"button\">Accept</button></div>';
        $("body").append($(
            cookieText
        ));
        $('#cookie').css({
            'width'           : '100%',
            'text-align'      : 'center',
            'color'           : '#FFFFFF',
            'background-color': '#000000', 
            'opacity'         : '.8', 
            'position'        : 'fixed', 
            'bottom'          : '0',
            'padding'         : '.5em 0',
            'z-index'         : '999'
        });
        $('#cookie > *').css({
            'display': 'inline'
        });
        $('#cookie a').css({
            'color'          : '#FFFFFF',
            'text-decoration': 'underline',
            'margin-right'   : '2%'
        });
        $('#cookieConsent').click(function() {
            // Set cookie
            var expiry = new Date();
            expiry.setTime(expiry.getTime() + (365 * 24 * 60 * 60 * 1000));
            document.cookie = "cookieAccepted=yes; expires=" + expiry.toGMTString() + "; path=/; domain=.spesati.com";
            $('#cookie').css({'display': 'none'});
        });
    }
});
</script></head><body><script type="text/javascript">
    var addText = "Add";
    var slider  = null;
    $(document).ready(function() {
        slider = $('#cartSlider').lightSlider({
            controls: false,
            item:13,
            loop:false,
            slideMove:1,
            easing: 'cubic-bezier(0.25, 0, 0.25, 1)',
            speed:600,
            responsive : [
                {
                    breakpoint:1400,
                    settings: {
                        item:12,
                        slideMove:1,
                    }
                },
                {
                    breakpoint:1200,
                    settings: {
                        item:11,
                        slideMove:1,
                    }
                },
                {
                    breakpoint:1080,
                    settings: {
                        item:14,
                        slideMove:1,
                    }
                },
                {
                    breakpoint:800,
                    settings: {
                        item:12,
                        slideMove:1,
                    }
                }
            ]
        });
        $('.lSPager').css("display","none");
        $('.lSAction').css("display","block");
        $('#goToPrevSlide').on('click', function () {
            slider.goToPrevSlide();
        });
        $('#goToNextSlide').on('click', function () {
            slider.goToNextSlide();
        });
    });

</script>
<div id="header" class="bgYellow">
    <header>
        <a class="menu" href="#"><i class="fa red fa-bars fa-2x"></i></a>
        <a id="logo" class="colLeft estDynamic" href="https://www.spesati.com/">
            <img src="http://cdn.spesati.com/images/layout/logo-eng.png" alt="Spesati.com" />
            <h2 class="red">Grocery Delivery</h2>
        </a>
        <div class="colRight">
            <div id="controls" class="right">
                <p id="establishmentControls">
                    <span class="establishmentWarning"><i class="fa-solid fa-triangle-exclamation red" title="Stai visualizzando i prodotti disponibili in una zona diversa. Se vuoi cambiare zona, cliccan qui"></i>&nbsp;&nbsp;</span>
                    Shopping from <b><a id="establishment" href="#"></a></b> <span id="estAddress">for </span> <a href="https://www.spesati.com/change-establishment">(<i class="fa-solid fa-pencil"></i> Change)</a> <span class="establishmentWarning">but viewing <b>Olbia</b></span>
                </p>
                <p><a href="https://www.spesati.it/pellet-e-casa/repellenti" class="black switch-site">Versione italiana</a></p>                
            </div>
            <div>
                <form id="search" action="https://www.spesati.com/search" method="post" class="left">
                    <fieldset>
                        <div>
                            <input type="text" name="searchBox" id="searchBox" placeholder="Search for a product"></input>
                            <input id="searchButton" type="submit" name="searchButton" class="button bgRed white left" value="Find" />
                        </div>
                    </fieldset>
                </form>
                <div class="center left">
                    <a class="button bgRed white log-in" href="https://www.spesati.com/login">Login</a>
                    <a class="button bgRed white sign-up" href="https://www.spesati.com/sign-up">Sign up</a>
                    <a class="button bgRed white profile" href="https://www.spesati.com/profile">Profile</a>
                    <a class="button bgRed white log-out" href="https://www.spesati.com/logout" data-endpoint-check-cart="https://api.spesati.com/cart/check">Logout</a>
                </div>
                <div class="right user-function-icons">
                    <a class="red left account"><i class="fa fa-user fa-3x"></i></a>
                    <div id="dropdown">
                        <a class="log-in button bgRed white" href="https://www.spesati.com/login">Login</a>
                        <a class="sign-up button bgRed white" href="https://www.spesati.com/sign-up">Sign up</a>
                        <a class="profile button bgRed white" href="https://www.spesati.com/profile">Profile</a>
                        <a class="log-out button bgRed white" href="https://www.spesati.com/logout">Logout</a>
                    </div>

                    <div class="cart left">
                        <i class="fa fa-sm fa-shopping-cart red" aria-hidden="true" id="shipping-cart-button"></i>
                        <p id="cartQuantity"></p>
                    </div>

                    <a class="right" href="https://www.spesati.com/cart"><p class="black" id="cartTotal"></p></a>
                </div>
            </div>
                            <div id="previewCart">
                    <i id="goToPrevSlide" class="yellow fa fa-angle-left fa-2x" aria-hidden="true"></i>
                    <div><ul id="cartSlider"></ul></div>
                    <i id="goToNextSlide" class="yellow fa fa-angle-right fa-2x" aria-hidden="true"></i>
                </div>
                    </div>
    </header>

    <div id="shipping-cart-options" data-inited="false">
        <a href="https://www.spesati.com/cart" class="goto-cart">checkout</a>
        <a href="#" data-endpoint-auth="https://api.spesati.com/cart/save" data-endpoint-noauth="/login" class="save-cart">save</a>
        <a href="#" data-endpoint-auth="https://api.spesati.com/cart/load" class="load-cart">load</a>
    </div>
</div>
<div id="menuCategoriesMobile" class="mobile bgRed">
    <div class="closeMenu">
        <i class="fa fa-times fa-2x white"></i>
        Close
    </div>
    <ul class="bgRed white">
        <div id="langMobile" class="right">
        <a href="https://www.spesati.it/pellet-e-casa/repellenti" class="white switch-site"><p>Versione italiana</p></a>    </div>
        <li><a>Categories</a>
            <ul class="bgWhite">
                <li>
                    <img src="http://cdn.spesati.com/images/menu/on-sale.png"/>
                    On sale                    <i class="fa fa-angle-down" aria-hidden="true"></i>
                    <ul class="sub-menu">
                    <li>
    <a href="https://www.spesati.com/tacchino-fesa-a-fette">Tacchino Fesa A Fette</a>
</li><li>
    <a href="https://www.spesati.com/amaro-montenegro-15lt">Amaro Montenegro 1,5lt</a>
</li><li>
    <a href="https://www.spesati.com/carbone-di-legna-sacco-10kg">Carbone Di Legna Sacco 10Kg</a>
</li><li>
    <a href="https://www.spesati.com/filu-e-ferru-silvio-carta-70cl">Filu E Ferru Silvio Carta 70Cl</a>
</li><li>
    <a href="https://www.spesati.com/braciole-suino-con-cotenna">Braciole Suino Con Cotenna</a>
</li><li>
    <a href="https://www.spesati.com/bovino-adulto-polpa">Bovino Adulto Polpa</a>
</li><li>
    <a href="https://www.spesati.com/vino-la-palma-cannonau-le-bombarde">Vino La Palma Cannonau Le Bombarde</a>
</li><li>
    <a href="https://www.spesati.com/fettine-sceltissime-bovino-adulto">Fettine Sceltissime Bovino Adulto</a>
</li><li>
    <a href="https://www.spesati.com/suino-fettine-scelte">Suino Fettine Scelte</a>
</li><li>
    <a href="https://www.spesati.com/lavazza-caffe-qualita-rossa-2x250gr">Lavazza Caffé Qualità Rossa 2x250gr</a>
</li>                        <li>
                            <a class="estDynamic" href="https://www.spesati.com/on-offer">All products on sale</a>
                        </li>
                    </ul>
                </li>
                <li>
                    <img src="http://cdn.spesati.com/images/menu/gift.png"/>
                    Gifts                    <i class="fa fa-angle-down" aria-hidden="true"></i>
                    <ul class="sub-menu">
                        <li>
    <a href="https://www.spesati.com/gift-card-da-150">Gift Card Da 150</a>
</li><li>
    <a href="https://www.spesati.com/gift-card-da-100">Gift Card Da 100</a>
</li><li>
    <a href="https://www.spesati.com/gift-card-da-50">Gift Card Da 50</a>
</li><li>
    <a href="https://www.spesati.com/gift-card-da-25">Gift Card Da 25</a>
</li>                        <li>
                            <a class="estDynamic" href="https://www.spesati.com/gift">All products in the gifts category</a>
                        </li>
                    </ul>
                </li>
                <li>
                    <img src="http://cdn.spesati.com/images/menu/gift-card.png"/>
                    Gift card and discounts                    <i class="fa fa-angle-down" aria-hidden="true"></i>
                    <ul class="sub-menu">
                        <li>
    <a href="https://www.spesati.com/gift-card-da-150">Gift Card Da 150</a>
</li><li>
    <a href="https://www.spesati.com/gift-card-da-100">Gift Card Da 100</a>
</li><li>
    <a href="https://www.spesati.com/gift-card-da-50">Gift Card Da 50</a>
</li><li>
    <a href="https://www.spesati.com/gift-card-da-25">Gift Card Da 25</a>
</li>                    </ul>
                </li>
                <li>
                    <img src="http://cdn.spesati.com/images/menu/fuit-and-vegetables.png"/>
                    Fruit and vegetables                    <i class="fa fa-angle-down" aria-hidden="true"></i>
                    <ul class="sub-menu">
                        <li>
                            <a class="estDynamic" href="https://www.spesati.com/fruit-and-vegetables/pulses-and-beans">Cereals and pulses and beans</a>
                        </li>
                        <li>
                            <a class="estDynamic" href="https://www.spesati.com/fruit-and-vegetables/fruit">Fruit</a>
                        </li>
                        <li>
                            <a class="estDynamic" href="https://www.spesati.com/fruit-and-vegetables/canned-fruit">Canned fruit</a>
                        </li>
                        <li>
                            <a class="estDynamic" href="https://www.spesati.com/fruit-and-vegetables/dried-fruit">Dried fruit</a>
                        </li>
                        <li>
                            <a class="estDynamic" href="https://www.spesati.com/fruit-and-vegetables/ready-salads">Ready salads</a>
                        </li>
                        <li>
                            <a class="estDynamic" href="https://www.spesati.com/fruit-and-vegetables/fresh-spices">Fresh spices</a>
                        </li>
                        <li>
                            <a class="estDynamic" href="https://www.spesati.com/fruit-and-vegetables/vegetables">Vegetables and soy</a>
                        </li>
                    </ul>
                </li>
                <li>
                    <img src="http://cdn.spesati.com/images/menu/fresh-products.png"/>
                    Fresh products                    <i class="fa fa-angle-down" aria-hidden="true"></i>
                    <ul class="sub-menu">
                        <li>
                            <a class="estDynamic" href="https://www.spesati.com/fresh-products/margarine-and-butter">Butter and margarine</a>
                        </li>
                        <li>
                            <a class="estDynamic" href="https://www.spesati.com/fresh-products/danone">Danone</a>
                        </li>
                        <li>
                            <a class="estDynamic" href="https://www.spesati.com/fresh-products/dessert">Dessert</a>
                        </li>
                        <li>
                            <a class="estDynamic" href="https://www.spesati.com/fresh-products/sweets">Sweets</a>
                        </li>
                        <li>
                            <a class="estDynamic" href="https://www.spesati.com/fresh-products/dairy-products">Dairy product</a>
                        </li>
                        <li>
                            <a class="estDynamic" href="https://www.spesati.com/fresh-products/bakery">Yeast</a>
                        </li>
                        <li>
                            <a class="estDynamic" href="https://www.spesati.com/fresh-products/mascarpone">Mascarpone</a>
                        </li>
                        <li>
                            <a class="estDynamic" href="https://www.spesati.com/fresh-products/snacks">Snacks</a>
                        </li>
                        <li>
                            <a class="estDynamic" href="https://www.spesati.com/fresh-products/mozzarella">Mozzarella</a>
                        </li>
                        <li>
                            <a class="estDynamic" href="https://www.spesati.com/fresh-products/pasta">Pasta</a>
                        </li>
                        <li>
                            <a class="estDynamic" href="https://www.spesati.com/fresh-products/pesto-and-sauces">Pesto and sauces</a>
                        </li>
                        <li>
                            <a class="estDynamic" href="https://www.spesati.com/fresh-products/ricotta-and-cheese">Ricotta and cheese</a>
                        </li>
                        <li>
                            <a class="estDynamic" href="https://www.spesati.com/fresh-products/cured-meat">Cured meat</a>
                        </li>
                        <li>
                            <a class="estDynamic" href="https://www.spesati.com/fresh-products/wurstel">Würstel</a>
                        </li>
                        <li>
                            <a class="estDynamic" href="https://www.spesati.com/fresh-products/yogurt">Yogurt</a>
                        </li>
                    </ul>
                </li>
                <li>
                    <img src="http://cdn.spesati.com/images/menu/frozen-foods.png"/>
                    Frozen foods                    <i class="fa fa-angle-down" aria-hidden="true"></i>
                    <ul class="sub-menu">
                        <li>
                            <a class="estDynamic" href="https://www.spesati.com/frozen-foods/meat">Meat</a>
                        </li>
                        <li>
                            <a class="estDynamic" href="https://www.spesati.com/frozen-foods/ice-creams">Ice cream and sweet</a>
                        </li>
                        <li>
                            <a class="estDynamic" href="https://www.spesati.com/frozen-foods/pasta">Pasta</a>
                        </li>
                        <li>
                            <a class="estDynamic" href="https://www.spesati.com/frozen-foods/fish">Fish</a>
                        </li>
                        <li>
                            <a class="estDynamic" href="https://www.spesati.com/frozen-foods/ready-meals">Ready meals</a>
                        </li>
                        <li>
                            <a class="estDynamic" href="https://www.spesati.com/frozen-foods/pizzas">Pizzas</a>
                        </li>
                        <li>
                            <a class="estDynamic" href="https://www.spesati.com/frozen-foods/vegetables">Vegetables and soy</a>
                        </li>
                    </ul>
                </li>
                <li>
                    <img src="http://cdn.spesati.com/images/menu/bread-and-pasta.png"/>
                    Bread and pasta                    <i class="fa fa-angle-down" aria-hidden="true"></i>
                    <ul class="sub-menu">
                        <li>
                            <a class="estDynamic" href="https://www.spesati.com/bread-and-pasta/crackers">Crackers</a>
                        </li>
                        <li>
                            <a class="estDynamic" href="https://www.spesati.com/bread-and-pasta/rusks">Rusks</a>
                        </li>
                        <li>
                            <a class="estDynamic" href="https://www.spesati.com/bread-and-pasta/white-bread">White bread</a>
                        </li>
                        <li>
                            <a class="estDynamic" href="https://www.spesati.com/bread-and-pasta/local-bread">Local bread</a>
                        </li>
                        <li>
                            <a class="estDynamic" href="https://www.spesati.com/bread-and-pasta/soft-bread">Soft bread</a>
                        </li>
                        <li>
                            <a class="estDynamic" href="https://www.spesati.com/bread-and-pasta/sardinian-bread">Sardinian bread</a>
                        </li>
                        <li>
                            <a class="estDynamic" href="https://www.spesati.com/bread-and-pasta/bakery">Bakery</a>
                        </li>
                        <li>
                            <a class="estDynamic" href="https://www.spesati.com/bread-and-pasta/pasta">Pasta</a>
                        </li>
                        <li>
                            <a class="estDynamic" href="https://www.spesati.com/bread-and-pasta/fresh-pasta">Fresh pasta</a>
                        </li>
                    </ul>
                </li>
                <li>
                    <img src="http://cdn.spesati.com/images/menu/meat.png"/>
                    Meat                    <i class="fa fa-angle-down" aria-hidden="true"></i>
                    <ul class="sub-menu">
                        <li>
                            <a class="estDynamic" href="https://www.spesati.com/meat/beef">Beef</a>
                        </li>
                        <li>
                            <a class="estDynamic" href="https://www.spesati.com/meat/goat">Goat</a>
                        </li>
                        <li>
                            <a class="estDynamic" href="https://www.spesati.com/meat/packaged-meat">Packaged meat</a>
                        </li>
                        <li>
                            <a class="estDynamic" href="https://www.spesati.com/meat/rabbit">Rabbit</a>
                        </li>
                        <li>
                            <a class="estDynamic" href="https://www.spesati.com/meat/horse">Horse</a>
                        </li>
                        <li>
                            <a class="estDynamic" href="https://www.spesati.com/meat/pork">Pork</a>
                        </li>
                        <li>
                            <a class="estDynamic" href="https://www.spesati.com/meat/lamb">Lamb</a>
                        </li>
                        <li>
                            <a class="estDynamic" href="https://www.spesati.com/meat/poultry">Poultry</a>
                        </li>
                    </ul>
                </li>
                <li>
                    <img src="http://cdn.spesati.com/images/menu/fish.png"/>
                    Fish                    <i class="fa fa-angle-down" aria-hidden="true"></i>
                    <ul class="sub-menu">
                        <li>
                            <a class="estDynamic" href="https://www.spesati.com/fish/fresh-water">Fresh water</a>
                        </li>
                        <li>
                            <a class="estDynamic" href="https://www.spesati.com/fish/salt-water">Salt water</a>
                        </li>
                        <li>
                            <a class="estDynamic" href="https://www.spesati.com/fish/mussels">Mussels</a>
                        </li>
                        <li>
                            <a class="estDynamic" href="https://www.spesati.com/fish/dried-and-salted">Dried and salted</a>
                        </li>
                        <li>
                            <a class="estDynamic" href="https://www.spesati.com/fish/seafood-salad">Seafood salad</a>
                        </li>
                        <li>
                            <a class="estDynamic" href="https://www.spesati.com/fish/prepared">Prepared</a>
                        </li>
                        <li>
                            <a class="estDynamic" href="https://www.spesati.com/fish/specialty">Specialty</a>
                        </li>   
                        <li>
                            <a class="estDynamic" href="https://www.spesati.com/fish/tuna-and-salmon">Tuna and salmon</a>
                        </li>
                    </ul>
                </li>
                <li>
                    <img src="http://cdn.spesati.com/images/menu/alcohol.png"/>
                    Wine beer and spirits                    <i class="fa fa-angle-down" aria-hidden="true"></i>
                    <ul class="sub-menu">
                        <li>
                            <a class="estDynamic" href="https://www.spesati.com/wine-beer-and-spirits/spirits-and-liquors">Alcohol</a>
                        </li>
                        <li>
                            <a class="estDynamic" href="https://www.spesati.com/wine-beer-and-spirits/bitters">Bitters</a>
                        </li>
                        <li>
                            <a class="estDynamic" href="https://www.spesati.com/wine-beer-and-spirits/aperatif">Aperatifs</a>
                        </li>
                        <li>
                            <a class="estDynamic" href="https://www.spesati.com/wine-beer-and-spirits/beer">Beer</a>
                        </li>
                        <li>
                            <a class="estDynamic" href="https://www.spesati.com/wine-beer-and-spirits/creams">Creams</a>
                        </li>
                        <li>
                            <a class="estDynamic" href="https://www.spesati.com/wine-beer-and-spirits/spirits">Spirits</a>
                        </li>
                        <li>
                            <a class="estDynamic" href="https://www.spesati.com/wine-beer-and-spirits/liquors">Liquors</a>
                        </li>
                        <li>
                            <a class="estDynamic" href="https://www.spesati.com/wine-beer-and-spirits/white-wine">White wine</a>
                        </li>
                        <li>
                            <a class="estDynamic" href="https://www.spesati.com/wine-beer-and-spirits/prosecco-wine">Prosecco wine</a>
                        </li>
                        <li>
                            <a class="estDynamic" href="https://www.spesati.com/wine-beer-and-spirits/rose-wine">Rose wine</a>
                        </li>
                        <li>
                            <a class="estDynamic" href="https://www.spesati.com/wine-beer-and-spirits/red-wine">Red wine</a>
                        </li>
                        <li>
                            <a class="estDynamic" href="https://www.spesati.com/wine-beer-and-spirits/specialty-wine">Special wine</a>
                        </li>
                        <li>
                            <a class="estDynamic" href="https://www.spesati.com/wine-beer-and-spirits/sparkling-wine">Sparkling wine</a>
                        </li>
                        <li>
                            <a class="estDynamic" href="https://www.spesati.com/wine-beer-and-spirits/vermentino-wine">Vermentino wine</a>
                        </li>
                    </ul>
                </li>
                <li>
                    <img src="http://cdn.spesati.com/images/menu/water-and-drinks.png"/>
                    Water and drinks                    <i class="fa fa-angle-down" aria-hidden="true"></i>
                    <ul class="sub-menu">
                        <li>
                            <a class="estDynamic" href="https://www.spesati.com/water-and-drinks/san-martino">San Martino</a>
                        </li>
                        <li>
                            <a class="estDynamic" href="https://www.spesati.com/water-and-drinks/water">Water</a>
                        </li>
                        <li>
                            <a class="estDynamic" href="https://www.spesati.com/water-and-drinks/alpro">Alpro</a>
                        </li>
                        <li>
                            <a class="estDynamic" href="https://www.spesati.com/water-and-drinks/fizzy-drinks">Fizzy drinks</a>
                        </li>
                        <li>
                            <a class="estDynamic" href="https://www.spesati.com/water-and-drinks/coca-cola">Coca-Cola</a>
                        </li>
                        <li>
                            <a class="estDynamic" href="https://www.spesati.com/water-and-drinks/energy-drink">Energy drink</a>
                        </li>
                        <li>
                            <a class="estDynamic" href="https://www.spesati.com/water-and-drinks/syrups">Syrups</a>
                        </li>
                        <li>
                            <a class="estDynamic" href="https://www.spesati.com/water-and-drinks/supplements">Supplements</a>
                        </li>
                        <li>
                            <a class="estDynamic" href="https://www.spesati.com/water-and-drinks/instant-drinks">Instant drinks</a>
                        </li>
                        <li>
                            <a class="estDynamic" href="https://www.spesati.com/water-and-drinks/juice">Juice</a>
                        </li>
                        <li>
                            <a class="estDynamic" href="https://www.spesati.com/water-and-drinks/tea">Tea</a>
                        </li>
                    </ul>
                </li>
                <li>
                    <img src="http://cdn.spesati.com/images/menu/sweets.png"/>
                    Sweets                    <i class="fa fa-angle-down" aria-hidden="true"></i>
                    <ul class="sub-menu">
                        <li>
                            <a class="estDynamic" href="https://www.spesati.com/sweets/bars-and-snacks">Bars and snacks</a>
                        </li>
                        <li>
                            <a class="estDynamic" href="https://www.spesati.com/sweets/biscuits">Biscuits</a>
                        </li>
                        <li>
                            <a class="estDynamic" href="https://www.spesati.com/sweets/brioches">Brioches</a>
                        </li>
                        <li>
                            <a class="estDynamic" href="https://www.spesati.com/sweets/candy-and-chewing-gum">Candy and chewing gum</a>
                        </li>
                        <li>
                            <a class="estDynamic" href="https://www.spesati.com/sweets/cereals">Cereals</a>
                        </li>
                        <li>
                            <a class="estDynamic" href="https://www.spesati.com/sweets/chocolate">Chocolate</a>
                        </li>
                        <li>
                            <a class="estDynamic" href="https://www.spesati.com/sweets/spreadable-creams">Spreads</a>
                        </li>
                        <li>
                            <a class="estDynamic" href="https://www.spesati.com/sweets/dessert-toppings">Dessert toppings</a>
                        </li>
                        <li>
                            <a class="estDynamic" href="https://www.spesati.com/sweets/jam">Jam</a>
                        </li>
                        <li>
                            <a class="estDynamic" href="https://www.spesati.com/sweets/honey">Honey</a>
                        </li>
                        <li>
                            <a class="estDynamic" href="https://www.spesati.com/sweets/panettoni-and-pandoro">Panettone and pandoro</a>
                        </li>
                        <li>
                            <a class="estDynamic" href="https://www.spesati.com/sweets/pastry">Pastry</a>
                        </li>
                        <li>
                            <a class="estDynamic" href="https://www.spesati.com/sweets/instant-dessert">Prepared</a>
                        </li>
                        <li>
                            <a class="estDynamic" href="https://www.spesati.com/sweets/cakes-and-pies">Cakes and pies</a>
                        </li>
                        <li>
                            <a class="estDynamic" href="https://www.spesati.com/sweets/easter-eggs-and-doves">Easter eggs and doves</a>
                        </li>
                    </ul>
                </li>
                <li>
                    <img src="http://cdn.spesati.com/images/menu/shelf.png"/>
                    Cupboard                    <i class="fa fa-angle-down" aria-hidden="true"></i>
                    <ul class="sub-menu">
                        <li>
                            <a class="estDynamic" href="https://www.spesati.com/shelf/coffee">Coffee</a>
                        </li>
                        <li>
                            <a class="estDynamic" href="https://www.spesati.com/shelf/gift-baskets">Gift baskets</a>
                        </li>
                        <li>
                            <a class="estDynamic" href="https://www.spesati.com/shelf/stock-cubes">Nuts and preparations</a>
                        </li>
                        <li>
                            <a class="estDynamic" href="https://www.spesati.com/shelf/flour-and-baking">Flour and baking</a>
                        </li>
                        <li>
                            <a class="estDynamic" href="https://www.spesati.com/shelf/milk">Milk</a>
                        </li>
                        <li>
                            <a class="estDynamic" href="https://www.spesati.com/shelf/oil-salt-vinegar">Oil, vinegar and salt</a>
                        </li>
                        <li>
                            <a class="estDynamic" href="https://www.spesati.com/shelf/cream-and-bechamel">Cream and bechamel</a>
                        </li>
                        <li>
                            <a class="estDynamic" href="https://www.spesati.com/shelf/crisps-and-pretzels">Crisps and pretzels</a>
                        </li>
                        <li>
                            <a class="estDynamic" href="https://www.spesati.com/shelf/baby-and-infants-products">Early childhood products</a>
                        </li>
                        <li>
                            <a class="estDynamic" href="https://www.spesati.com/shelf/rice">Rice</a>
                        </li>
                        <li>
                            <a class="estDynamic" href="https://www.spesati.com/shelf/tins-and-preserves">Tins and Preserves</a>
                        </li>
                        <li>
                            <a class="estDynamic" href="https://www.spesati.com/shelf/spices">Spices</a>
                        </li>
                        <li>
                            <a class="estDynamic" href="https://www.spesati.com/shelf/sauces">Sauces</a>
                        </li>
                        <li>
                            <a class="estDynamic" href="https://www.spesati.com/shelf/tea-and-infusions">Tea and infusions</a>
                        </li>
                        <li>
                            <a class="estDynamic" href="https://www.spesati.com/shelf/eggs">Eggs</a>
                        </li>
                        <li>
                            <a class="estDynamic" href="https://www.spesati.com/shelf/sugar-and-sweeteners">Sugar and sweeteners</a>
                        </li>
                    </ul>
                </li>
                <li>
                    <img src="http://cdn.spesati.com/images/menu/personal-care.png"/>
                    Personal care                    <i class="fa fa-angle-down" aria-hidden="true"></i>
                    <ul class="sub-menu">
                        <li>
                            <a class="estDynamic" href="https://www.spesati.com/personal-care/accessories-and-cotton">Accessories and cotton</a>
                        </li>
                        <li>
                            <a class="estDynamic" href="https://www.spesati.com/personal-care/feminine-care-incontinence-and-baby-diapers">Feminine incontinence and diapers</a>
                        </li>
                        <li>
                            <a class="estDynamic" href="https://www.spesati.com/personal-care/shower-gel">Shower gel</a>
                        </li>
                        <li>
                            <a class="estDynamic" href="https://www.spesati.com/personal-care/creams">Creams</a>
                        </li>
                        <li>
                            <a class="estDynamic" href="https://www.spesati.com/personal-care/deodorant">Deodorant</a>
                        </li>
                        <li>
                            <a class="estDynamic" href="https://www.spesati.com/personal-care/hair-removal">Hair removal</a>
                        </li>
                        <li>
                            <a class="estDynamic" href="https://www.spesati.com/personal-care/disinfectants">Disinfectants</a>
                        </li>
                        <li>
                            <a class="estDynamic" href="https://www.spesati.com/personal-care/oral-hygiene">Oral hygiene</a>
                        </li>
                        <li>
                            <a class="estDynamic" href="https://www.spesati.com/personal-care/supplements-and-multivitamins">Supplements and multivitamins</a>
                        </li>
                        <li>
                            <a class="estDynamic" href="https://www.spesati.com/personal-care/first-aid">First aid label</a>
                        </li>
                        <li>
                            <a class="estDynamic" href="https://www.spesati.com/personal-care/beard-products">Beard products</a>
                        </li>
                        <li>
                            <a class="estDynamic" href="https://www.spesati.com/personal-care/hairs-products">Hair products</a>
                        </li>
                        <li>
                            <a class="estDynamic" href="https://www.spesati.com/personal-care/perfume">Perfumes</a>
                        </li>
                        <li>
                            <a class="estDynamic" href="https://www.spesati.com/personal-care/wipes">Wipes</a>
                        </li>
                        <li>
                            <a class="estDynamic" href="https://www.spesati.com/personal-care/soaps-and-body-wash">Soaps and body wash</a>
                        </li>
                        <li>
                            <a class="estDynamic" href="https://www.spesati.com/personal-care/shampoo-and-conditioner">Shampoo and conditioner</a>
                        </li>
                    </ul>
                </li>
                <li>
                    <img src="http://cdn.spesati.com/images/menu/pellet-and-home.png"/>
                    Home and outdoors                    <i class="fa fa-angle-down" aria-hidden="true"></i>
                    <ul class="sub-menu">
                        <li>
                            <a class="estDynamic" href="https://www.spesati.com/household-and-outdoors/distilled-water">Distilled water</a>
                        </li>
                        <li>
                            <a class="estDynamic" href="https://www.spesati.com/household-and-outdoors/car-products">Cars</a>
                        </li>
                        <li>
                            <a class="estDynamic" href="https://www.spesati.com/household-and-outdoors/bin-bags-and-buckets">Bin bags and buckets</a>
                        </li>
                        <li>
                            <a class="estDynamic" href="https://www.spesati.com/household-and-outdoors/bleach-and-stain-removers">Bleach and stain removers</a>
                        </li>
                        <li>
                            <a class="estDynamic" href="https://www.spesati.com/household-and-outdoors/candles">Candles</a>
                        </li>
                        <li>
                            <a class="estDynamic" href="https://www.spesati.com/household-and-outdoors/kitchen-roll">Kitchen roll</a>
                        </li>
                        <li>
                            <a class="estDynamic" href="https://www.spesati.com/household-and-outdoors/air-fresheners">Air fresheners</a>
                        </li>
                        <li>
                            <a class="estDynamic" href="https://www.spesati.com/household-and-outdoors/laundry-accessories-and-detergent">Laundry detergent</a>
                        </li>
                        <li>
                            <a class="estDynamic" href="https://www.spesati.com/household-and-outdoors/dishwasher-and-washing-up">Dishwasher and washing up</a>
                        </li>
                        <li>
                            <a class="estDynamic" href="https://www.spesati.com/household-and-outdoors/gardening">Gardening</a>
                        </li>
                        <li>
                            <a class="estDynamic" href="https://www.spesati.com/household-and-outdoors/light-bulbs-and-batteries">Lightbulbs and batteries</a>
                        </li>
                        <li>
                            <a class="estDynamic" href="https://www.spesati.com/household-and-outdoors/pellet-and-bbq">Pellet and BBQ</a>
                        </li>
                        <li>
                            <a class="estDynamic" href="https://www.spesati.com/household-and-outdoors/bathroom-products">Bathroom products</a>
                        </li>
                        <li>
                            <a class="estDynamic" href="https://www.spesati.com/household-and-outdoors/home-and-furniture-products">Home and furniture products</a>
                        </li>
                        <li>
                            <a class="estDynamic" href="https://www.spesati.com/household-and-outdoors/kitchen-products">Kitchen products</a>
                        </li>
                        <li>
                            <a class="estDynamic" href="https://www.spesati.com/household-and-outdoors/window-and-floor-cleaners">Window and floor cleaner</a>
                        </li>
                        <li>
                            <a class="estDynamic" href="https://www.spesati.com/household-and-outdoors/repellents">Repellents</a>
                        </li>
                        <li>
                            <a class="estDynamic" href="https://www.spesati.com/household-and-outdoors/disposable-tableware">Disposable tableware</a>
                        </li>
                    </ul>
                </li>
                <li>
                    <img src="http://cdn.spesati.com/images/menu/animals.png"/>
                    Pets                    <i class="fa fa-angle-down" aria-hidden="true"></i>
                    <ul class="sub-menu">
                        <li>
                            <a class="estDynamic" href="https://www.spesati.com/pets/pet-food-other-animals">Other animals pet food</a>
                        </li>
                        <li>
                            <a class="estDynamic" href="https://www.spesati.com/pets/pet-food-dogs">Pet food dogs</a>
                        </li>
                        <li>
                            <a class="estDynamic" href="https://www.spesati.com/pets/pet-food-cats">Pet food cats</a>
                        </li>
                        <li>
                            <a class="estDynamic" href="https://www.spesati.com/pets/hygiene-and-cleaning">Hygiene and cleaning</a>
                        </li>
                    </ul>
                </li>
                <li>
                    <img src="http://cdn.spesati.com/images/menu/technology.png"/>
                    Technology                    <i class="fa fa-angle-down" aria-hidden="true"></i>
                    <ul class="sub-menu">
                        <li>
                            <a class="estDynamic" href="https://www.spesati.com/technology/accessories">Accessories</a>
                        </li>
                        <li>
                            <a class="estDynamic" href="https://www.spesati.com/technology/computer">Computer</a>
                        </li>
                        <li>
                            <a class="estDynamic" href="https://www.spesati.com/technology/telephones">Telephones</a>
                        </li>
                        <li>
                            <a class="estDynamic" href="https://www.spesati.com/technology/tv">TV</a>
                        </li>
                    </ul>
                </li>
                <li>
                    <img src="http://cdn.spesati.com/images/menu/gluten-free.png"/>
                    Gluten free                    <i class="fa fa-angle-down" aria-hidden="true"></i>
                    <ul class="sub-menu">
                        <li>
                            <a class="estDynamic" href="https://www.spesati.com/gluten-free/frozen-foods">Frozen foods</a>
                        </li>
                        <li>
                            <a class="estDynamic" href="https://www.spesati.com/gluten-free/beer">Beer</a>
                        </li>
                        <li>
                            <a class="estDynamic" href="https://www.spesati.com/gluten-free/sweets">Sweets</a>
                        </li>
                        <li>
                            <a class="estDynamic" href="https://www.spesati.com/gluten-free/bread-and-pasta">Bread and pasta</a>
                        </li>
                        <li>
                            <a class="estDynamic" href="https://www.spesati.com/gluten-free/shelf">Cupboard</a>
                        </li>
                    </ul>
                </li>
                <li>
                    <img src="http://cdn.spesati.com/images/menu/lactose-free.png"/>
                    Lactose free                    <i class="fa fa-angle-down" aria-hidden="true"></i>
                    <ul class="sub-menu">
                        <li>
                            <a class="estDynamic" href="https://www.spesati.com/lactose-free/frozen-foods">Frozen foods</a>
                        </li>
                        <li>
                            <a class="estDynamic" href="https://www.spesati.com/lactose-free/sweets">Sweets</a>
                        </li>
                        <li>
                            <a class="estDynamic" href="https://www.spesati.com/lactose-free/dairy-product">Dairy product</a>
                        </li>
                        <li>
                            <a class="estDynamic" href="https://www.spesati.com/lactose-free/shelf">Cupboard</a>
                        </li>
                    </ul>
                </li>
                <li>
                    <img src="http://cdn.spesati.com/images/menu/special.png"/>
                    Special                    <i class="fa fa-angle-down" aria-hidden="true"></i>
                    <ul class="sub-menu">
                        <li>
                            <a class="estDynamic" href="https://www.spesati.com/special/alpro">Alpro</a>
                        </li>
                        <li>
                            <a class="estDynamic" href="https://www.spesati.com/special/organic">Biological</a>
                        </li>
                        <li>
                            <a class="estDynamic" href="https://www.spesati.com/special/meat">Meat</a>
                        </li>
                        <li>
                            <a class="estDynamic" href="https://www.spesati.com/special/wholegrain">Wholegrain</a>
                        </li>
                        <li>
                            <a class="estDynamic" href="https://www.spesati.com/special/bread-and-pasta">Bread and pasta</a>
                        </li>
                        <li>
                            <a class="estDynamic" href="https://www.spesati.com/special/vegan">Vegan</a>
                        </li>
                    </ul>
                </li>
                <li>
                    <img src="http://cdn.spesati.com/images/menu/sardinian-products.png"/>
                    Sardinian products                    <i class="fa fa-angle-down" aria-hidden="true"></i>
                    <ul class="sub-menu">
                        <li>
                            <a class="estDynamic" href="https://www.spesati.com/sardinian-products/drinks">Drinks</a>
                        </li>
                        <li>
                            <a class="estDynamic" href="https://www.spesati.com/sardinian-products/meat">Meat</a>
                        </li>
                        <li>
                            <a class="estDynamic" href="https://www.spesati.com/sardinian-products/sweets">Sweets</a>
                        </li>
                        <li>
                            <a class="estDynamic" href="https://www.spesati.com/sardinian-products/fruit-and-vegetables">Fruit and vegetables</a>
                        </li>
                        <li>
                            <a class="estDynamic" href="https://www.spesati.com/sardinian-products/ichnusa">Ichnusa</a>
                        </li>
                        <li>
                            <a class="estDynamic" href="https://www.spesati.com/sardinian-products/dairy-product">Dairy product</a>
                        </li>
                        <li>
                            <a class="estDynamic" href="https://www.spesati.com/sardinian-products/bread-and-pasta">Bread and pasta</a>
                        </li>
                        <li>
                            <a class="estDynamic" href="https://www.spesati.com/sardinian-products/fish">Fish</a>
                        </li>
                        <li>
                            <a class="estDynamic" href="https://www.spesati.com/sardinian-products/cured-meat">Cured meat</a>
                        </li>
                        <li>
                            <a class="estDynamic" href="https://www.spesati.com/sardinian-products/shelf">Cupboard</a>
                        </li>
                        <li>
                            <a class="estDynamic" href="https://www.spesati.com/sardinian-products/vermentino-wine">Vermentino wine</a>
                        </li>
                        <li>
                            <a class="estDynamic" href="https://www.spesati.com/sardinian-products/wine-beer-and-spirits">Wine beer and spirits</a>
                        </li>
                    </ul>
                </li>
            </ul>
        </li>
        <li>
            <a href="https://www.spesati.com/about">About</a>
        </li>
        <li>
            <a href="https://www.spesati.com/faq">Faq</a>
        </li>
        <li>
            <a href="https://www.spesati.com/customer-care">Support</a>
        </li>
        <li>
            <a href="https://www.spesati.com/news">Blog</a>
        </li>
        <li>
            <a href="https://www.spesati.com/terms-and-conditions">Conditions</a>
        </li>
        <li>
            <a href="https://www.spesati.com/privacy-policy">Privacy policy</a>
        </li>
        <li>
            <a href="https://www.spesati.com/login">Login</a>
        </li>
        <li>
             <a href="https://www.spesati.com/sign-up">Sign up</a>
        </li>
    </ul>
</div><section class="first">
    <div id="menuCategories" class="colLeft">
    <ul id="main_nav" >
        <li>
            <a class="estDynamic" href="https://www.spesati.com/on-offer">
               <img src="http://cdn.spesati.com/images/menu/on-sale.png"/>
               On sale            </a>
            <i class="fa fa-angle-right" aria-hidden="true"></i>
            <ul class="sub-menu">
                <li>
    <a href="https://www.spesati.com/tacchino-fesa-a-fette" class="estDynamic">Tacchino Fesa A Fette</a>
</li><li>
    <a href="https://www.spesati.com/amaro-montenegro-15lt" class="estDynamic">Amaro Montenegro 1,5lt</a>
</li><li>
    <a href="https://www.spesati.com/carbone-di-legna-sacco-10kg" class="estDynamic">Carbone Di Legna Sacco 10Kg</a>
</li><li>
    <a href="https://www.spesati.com/filu-e-ferru-silvio-carta-70cl" class="estDynamic">Filu E Ferru Silvio Carta 70Cl</a>
</li><li>
    <a href="https://www.spesati.com/braciole-suino-con-cotenna" class="estDynamic">Braciole Suino Con Cotenna</a>
</li><li>
    <a href="https://www.spesati.com/bovino-adulto-polpa" class="estDynamic">Bovino Adulto Polpa</a>
</li><li>
    <a href="https://www.spesati.com/vino-la-palma-cannonau-le-bombarde" class="estDynamic">Vino La Palma Cannonau Le Bombarde</a>
</li><li>
    <a href="https://www.spesati.com/fettine-sceltissime-bovino-adulto" class="estDynamic">Fettine Sceltissime Bovino Adulto</a>
</li><li>
    <a href="https://www.spesati.com/suino-fettine-scelte" class="estDynamic">Suino Fettine Scelte</a>
</li><li>
    <a href="https://www.spesati.com/lavazza-caffe-qualita-rossa-2x250gr" class="estDynamic">Lavazza Caffé Qualità Rossa 2x250gr</a>
</li>                <li>
                    <a class="estDynamic" href="https://www.spesati.com/on-offer">All products on sale</a>
                </li>
            </ul>
        </li>
        <li>
            <a class="estDynamic" href="https://www.spesati.com/gift">
               <img src="http://cdn.spesati.com/images/menu/gift.png"/>
               Gifts            </a>
            <i class="fa fa-angle-right" aria-hidden="true"></i>
            <ul class="sub-menu">
                <li>
    <a href="https://www.spesati.com/gift-card-da-150" class="estDynamic">Gift Card Da 150</a>
</li><li>
    <a href="https://www.spesati.com/gift-card-da-100" class="estDynamic">Gift Card Da 100</a>
</li><li>
    <a href="https://www.spesati.com/gift-card-da-50" class="estDynamic">Gift Card Da 50</a>
</li><li>
    <a href="https://www.spesati.com/gift-card-da-25" class="estDynamic">Gift Card Da 25</a>
</li>                <li>
                    <a class="estDynamic" href="https://www.spesati.com/gift">All products in the gifts category</a>
                </li>
            </ul>
        </li>
        <li>
            <a class="estDynamic" href="https://www.spesati.com/gift-card">
               <img src="http://cdn.spesati.com/images/menu/gift-card.png"/>
               Gift card and discounts            </a>
            <i class="fa fa-angle-right" aria-hidden="true"></i>
            <ul class="sub-menu">
                <li>
    <a href="https://www.spesati.com/gift-card-da-150">Gift Card Da 150</a>
</li><li>
    <a href="https://www.spesati.com/gift-card-da-100">Gift Card Da 100</a>
</li><li>
    <a href="https://www.spesati.com/gift-card-da-50">Gift Card Da 50</a>
</li><li>
    <a href="https://www.spesati.com/gift-card-da-25">Gift Card Da 25</a>
</li>            </ul>
        </li>
        <li>
            <a class="estDynamic" href="https://www.spesati.com/fruit-and-vegetables">
               <img src="http://cdn.spesati.com/images/menu/fuit-and-vegetables.png"/>
               Fruit and vegetables           </a>
            <i class="fa fa-angle-right" aria-hidden="true"></i>
            <ul class="sub-menu">
                <li>
                    <a class="estDynamic" href="https://www.spesati.com/fruit-and-vegetables/pulses-and-beans">Cereals and pulses and beans</a>
                </li>
                <li>
                    <a class="estDynamic" href="https://www.spesati.com/fruit-and-vegetables/fruit">Fruit</a>
                </li>
                <li>
                    <a class="estDynamic" href="https://www.spesati.com/fruit-and-vegetables/canned-fruit">Canned fruit</a>
                </li>
                <li>
                    <a class="estDynamic" href="https://www.spesati.com/fruit-and-vegetables/dried-fruit">Dried fruit</a>
                </li>
                <li>
                    <a class="estDynamic" href="https://www.spesati.com/fruit-and-vegetables/ready-salads">Ready salads</a>
                </li>
                <li>
                    <a class="estDynamic" href="https://www.spesati.com/fruit-and-vegetables/fresh-spices">Fresh spices</a>
                </li>
                <li>
                    <a class="estDynamic" href="https://www.spesati.com/fruit-and-vegetables/vegetables">Vegetables and soy</a>
                </li>
            </ul>
        </li>
        <li>
            <a class="estDynamic" href="https://www.spesati.com/fresh-products">
                <img src="http://cdn.spesati.com/images/menu/fresh-products.png"/>
                Fresh products            </a>
            <i class="fa fa-angle-right" aria-hidden="true"></i>
            <ul class="sub-menu">
                <li>
                    <a class="estDynamic" href="https://www.spesati.com/fresh-products/margarine-and-butter">Butter and margarine</a>
                </li>
                <li>
                    <a class="estDynamic" href="https://www.spesati.com/fresh-products/danone">Danone</a>
                </li>
                <li>
                    <a class="estDynamic" href="https://www.spesati.com/fresh-products/dessert">Dessert</a>
                </li>
                <li>
                    <a class="estDynamic" href="https://www.spesati.com/fresh-products/sweets">Sweets</a>
                </li>
                <li>
                    <a class="estDynamic" href="https://www.spesati.com/fresh-products/dairy-products">Dairy product</a>
                </li>
                <li>
                    <a class="estDynamic" href="https://www.spesati.com/fresh-products/bakery">Yeast</a>
                </li>
                <li>
                    <a class="estDynamic" href="https://www.spesati.com/fresh-products/mascarpone">Mascarpone</a>
                </li>
                <li>
                    <a class="estDynamic" href="https://www.spesati.com/fresh-products/snacks">Snacks</a>
                </li>
                <li>
                    <a class="estDynamic" href="https://www.spesati.com/fresh-products/mozzarella">Mozzarella</a>
                </li>
                <li>
                    <a class="estDynamic" href="https://www.spesati.com/fresh-products/pasta">Pasta</a>
                </li>
                <li>
                    <a class="estDynamic" href="https://www.spesati.com/fresh-products/pesto-and-sauces">Pesto and sauces</a>
                </li>
                <li>
                    <a class="estDynamic" href="https://www.spesati.com/fresh-products/ricotta-and-cheese">Ricotta and cheese</a>
                </li>
                <li>
                    <a class="estDynamic" href="https://www.spesati.com/fresh-products/cured-meat">Cured meat</a>
                </li>
                <li>
                    <a class="estDynamic" href="https://www.spesati.com/fresh-products/wurstel">Würstel</a>
                </li>
                <li>
                    <a class="estDynamic" href="https://www.spesati.com/fresh-products/yogurt">Yogurt</a>
                </li>
            </ul>
        </li>
        <li>
            <a class="estDynamic" href="https://www.spesati.com/frozen-foods">
                <img src="http://cdn.spesati.com/images/menu/frozen-foods.png"/>
                Frozen foods            </a>
            <i class="fa fa-angle-right" aria-hidden="true"></i>
            <ul class="sub-menu">
                <li>
                    <a class="estDynamic" href="https://www.spesati.com/frozen-foods/meat">Meat</a>
                </li>
                <li>
                    <a class="estDynamic" href="https://www.spesati.com/frozen-foods/ice-creams">Ice cream and sweet</a>
                </li>
                <li>
                    <a class="estDynamic" href="https://www.spesati.com/frozen-foods/pasta">Pasta</a>
                </li>
                <li>
                    <a class="estDynamic" href="https://www.spesati.com/frozen-foods/fish">Fish</a>
                </li>
                <li>
                    <a class="estDynamic" href="https://www.spesati.com/frozen-foods/ready-meals">Ready meals</a>
                </li>
                <li>
                    <a class="estDynamic" href="https://www.spesati.com/frozen-foods/pizzas">Pizzas</a>
                </li>
                <li>
                    <a class="estDynamic" href="https://www.spesati.com/frozen-foods/vegetables">Vegetables and soy</a>
                </li>
            </ul>
        </li>
        <li>
            <a class="estDynamic" href="https://www.spesati.com/bread-and-pasta">
                <img src="http://cdn.spesati.com/images/menu/bread-and-pasta.png"/>
                Bread and pasta            </a>
            <i class="fa fa-angle-right" aria-hidden="true"></i>
            <ul class="sub-menu">
                <li>
                    <a class="estDynamic" href="https://www.spesati.com/bread-and-pasta/crackers">Crackers</a>
                </li>
                <li>
                    <a class="estDynamic" href="https://www.spesati.com/bread-and-pasta/rusks">Rusks</a>
                </li>
                <li>
                    <a class="estDynamic" href="https://www.spesati.com/bread-and-pasta/white-bread">White bread</a>
                </li>
                <li>
                    <a class="estDynamic" href="https://www.spesati.com/bread-and-pasta/local-bread">Local bread</a>
                </li>
                <li>
                    <a class="estDynamic" href="https://www.spesati.com/bread-and-pasta/soft-bread">Soft bread</a>
                </li>
                <li>
                    <a class="estDynamic" href="https://www.spesati.com/bread-and-pasta/sardinian-bread">Sardinian bread</a>
                </li>
                <li>
                    <a class="estDynamic" href="https://www.spesati.com/bread-and-pasta/bakery">Bakery</a>
                </li>
                <li>
                    <a class="estDynamic" href="https://www.spesati.com/bread-and-pasta/pasta">Pasta</a>
                </li>
                <li>
                    <a class="estDynamic" href="https://www.spesati.com/bread-and-pasta/fresh-pasta">Fresh pasta</a>
                </li>
            </ul>
        </li>
        <li>
            <a class="estDynamic" href="https://www.spesati.com/meat">
                <img src="http://cdn.spesati.com/images/menu/meat.png"/>
                Meat            </a>
            <i class="fa fa-angle-right" aria-hidden="true"></i>
            <ul class="sub-menu">
                <li>
                    <a class="estDynamic" href="https://www.spesati.com/meat/beef">Beef</a>
                </li>
                <li>
                    <a class="estDynamic" href="https://www.spesati.com/meat/goat">Goat</a>
                </li>
                <li>
                    <a class="estDynamic" href="https://www.spesati.com/meat/packaged-meat">Packaged meat</a>
                </li>
                <li>
                    <a class="estDynamic" href="https://www.spesati.com/meat/rabbit">Rabbit</a>
                </li>
                <li>
                    <a class="estDynamic" href="https://www.spesati.com/meat/horse">Horse</a>
                </li>
                <li>
                    <a class="estDynamic" href="https://www.spesati.com/meat/pork">Pork</a>
                </li>
                <li>
                    <a class="estDynamic" href="https://www.spesati.com/meat/lamb">Lamb</a>
                </li>
                <li>
                    <a class="estDynamic" href="https://www.spesati.com/meat/poultry">Poultry</a>
                </li>
            </ul>
        </li>
        <li>
            <a class="estDynamic" href="https://www.spesati.com/fish">
                <img src="http://cdn.spesati.com/images/menu/fish.png"/>
                Fish            </a>
            <i class="fa fa-angle-right" aria-hidden="true"></i>
            <ul class="sub-menu">
                <li>
                    <a class="estDynamic" href="https://www.spesati.com/fish/fresh-water">Fresh water</a>
                </li>
                <li>
                    <a class="estDynamic" href="https://www.spesati.com/fish/salt-water">Salt water</a>
                </li>
                <li>
                    <a class="estDynamic" href="https://www.spesati.com/fish/mussels">Mussels</a>
                </li>
                <li>
                    <a class="estDynamic" href="https://www.spesati.com/fish/dried-and-salted">Dried and salted</a>
                </li>
                <li>
                    <a class="estDynamic" href="https://www.spesati.com/fish/seafood-salad">Seafood salad</a>
                </li>
                <li>
                    <a class="estDynamic" href="https://www.spesati.com/fish/prepared">Prepared</a>
                </li>
                <li>
                    <a class="estDynamic" href="https://www.spesati.com/fish/specialty">Specialty</a>
                </li>   
                <li>
                    <a class="estDynamic" href="https://www.spesati.com/fish/tuna-and-salmon">Tuna and salmon</a>
                </li>
            </ul>
        </li>
        <li>
            <a class="estDynamic" href="https://www.spesati.com/wine-beer-and-spirits">
                <img src="http://cdn.spesati.com/images/menu/alcohol.png"/>
                Wine beer and spirits            </a>
            <i class="fa fa-angle-right" aria-hidden="true"></i>
            <ul class="sub-menu">
                <li>
                    <a class="estDynamic" href="https://www.spesati.com/wine-beer-and-spirits/spirits-and-liquors">Alcohol</a>
                </li>
                <li>
                    <a class="estDynamic" href="https://www.spesati.com/wine-beer-and-spirits/bitters">Bitters</a>
                </li>
                <li>
                    <a class="estDynamic" href="https://www.spesati.com/wine-beer-and-spirits/aperatif">Aperatifs</a>
                </li>
                <li>
                    <a class="estDynamic" href="https://www.spesati.com/wine-beer-and-spirits/beer">Beer</a>
                </li>
                <li>
                    <a class="estDynamic" href="https://www.spesati.com/wine-beer-and-spirits/creams">Creams</a>
                </li>
                <li>
                    <a class="estDynamic" href="https://www.spesati.com/wine-beer-and-spirits/spirits">Spirits</a>
                </li>
                <li>
                    <a class="estDynamic" href="https://www.spesati.com/wine-beer-and-spirits/liquors">Liquors</a>
                </li>
                <li>
                    <a class="estDynamic" href="https://www.spesati.com/wine-beer-and-spirits/white-wine">White wine</a>
                </li>
                <li>
                    <a class="estDynamic" href="https://www.spesati.com/wine-beer-and-spirits/prosecco-wine">Prosecco wine</a>
                </li>
                <li>
                    <a class="estDynamic" href="https://www.spesati.com/wine-beer-and-spirits/rose-wine">Rose wine</a>
                </li>
                <li>
                    <a class="estDynamic" href="https://www.spesati.com/wine-beer-and-spirits/red-wine">Red wine</a>
                </li>
                <li>
                    <a class="estDynamic" href="https://www.spesati.com/wine-beer-and-spirits/specialty-wine">Special wine</a>
                </li>
                <li>
                    <a class="estDynamic" href="https://www.spesati.com/wine-beer-and-spirits/sparkling-wine">Sparkling wine</a>
                </li>
                <li>
                    <a class="estDynamic" href="https://www.spesati.com/wine-beer-and-spirits/vermentino-wine">Vermentino wine</a>
                </li>
            </ul>
        </li>
        <li>
            <a class="estDynamic" href="https://www.spesati.com/water-and-drinks">
                <img src="http://cdn.spesati.com/images/menu/water-and-drinks.png"/>
                Water and drinks            </a>
            <i class="fa fa-angle-right" aria-hidden="true"></i>
            <ul class="sub-menu">
                <li>
                    <a class="estDynamic" href="https://www.spesati.com/water-and-drinks/san-martino">San Martino</a>
                </li>
                <li>
                    <a class="estDynamic" href="https://www.spesati.com/water-and-drinks/water">Water</a>
                </li>
                <li>
                    <a class="estDynamic" href="https://www.spesati.com/water-and-drinks/alpro">Alpro</a>
                </li>
                <li>
                    <a class="estDynamic" href="https://www.spesati.com/water-and-drinks/fizzy-drinks">Fizzy drinks</a>
                </li>
                <li>
                    <a class="estDynamic" href="https://www.spesati.com/water-and-drinks/coca-cola">Coca-Cola</a>
                </li>
                <li>
                    <a class="estDynamic" href="https://www.spesati.com/water-and-drinks/energy-drink">Energy drink</a>
                </li>
                <li>
                    <a class="estDynamic" href="https://www.spesati.com/water-and-drinks/syrups">Syrups</a>
                </li>
                <li>
                    <a class="estDynamic" href="https://www.spesati.com/water-and-drinks/supplements">Supplements</a>
                </li>
                <li>
                    <a class="estDynamic" href="https://www.spesati.com/water-and-drinks/instant-drinks">Instant drinks</a>
                </li>
                <li>
                    <a class="estDynamic" href="https://www.spesati.com/water-and-drinks/juice">Juice</a>
                </li>
                <li>
                    <a class="estDynamic" href="https://www.spesati.com/water-and-drinks/tea">Tea</a>
                </li>
            </ul>
        </li>
        <li>
            <a class="estDynamic" href="https://www.spesati.com/sweets">
                <img src="http://cdn.spesati.com/images/menu/sweets.png"/>
                Sweets            </a>
            <i class="fa fa-angle-right" aria-hidden="true"></i>
            <ul class="sub-menu">
                <li>
                    <a class="estDynamic" href="https://www.spesati.com/sweets/bars-and-snacks">Bars and snacks</a>
                </li>
                <li>
                    <a class="estDynamic" href="https://www.spesati.com/sweets/biscuits">Biscuits</a>
                </li>
                <li>
                    <a class="estDynamic" href="https://www.spesati.com/sweets/brioches">Brioches</a>
                </li>
                <li>
                    <a class="estDynamic" href="https://www.spesati.com/sweets/candy-and-chewing-gum">Candy and chewing gum</a>
                </li>
                <li>
                    <a class="estDynamic" href="https://www.spesati.com/sweets/cereals">Cereals</a>
                </li>
                <li>
                    <a class="estDynamic" href="https://www.spesati.com/sweets/chocolate">Chocolate</a>
                </li>
                <li>
                    <a class="estDynamic" href="https://www.spesati.com/sweets/spreadable-creams">Spreads</a>
                </li>
                <li>
                    <a class="estDynamic" href="https://www.spesati.com/sweets/dessert-toppings">Dessert toppings</a>
                </li>
                <li>
                    <a class="estDynamic" href="https://www.spesati.com/sweets/jam">Jam</a>
                </li>
                <li>
                    <a class="estDynamic" href="https://www.spesati.com/sweets/honey">Honey</a>
                </li>
                <li>
                    <a class="estDynamic" href="https://www.spesati.com/sweets/panettoni-and-pandoro">Panettone and pandoro</a>
                </li>
                <li>
                    <a class="estDynamic" href="https://www.spesati.com/sweets/pastry">Pastry</a>
                </li>
                <li>
                    <a class="estDynamic" href="https://www.spesati.com/sweets/instant-dessert">Prepared</a>
                </li>
                <li>
                    <a class="estDynamic" href="https://www.spesati.com/sweets/cakes-and-pies">Cakes and pies</a>
                </li>
                <li>
                    <a class="estDynamic" href="https://www.spesati.com/sweets/easter-eggs-and-doves">Easter eggs and doves</a>
                </li>
            </ul>
        </li>
        <li>
            <a class="estDynamic" href="https://www.spesati.com/shelf">
                <img src="http://cdn.spesati.com/images/menu/shelf.png"/>
                Cupboard            </a>
            <i class="fa fa-angle-right" aria-hidden="true"></i>
            <ul class="sub-menu">
                <li>
                    <a class="estDynamic" href="https://www.spesati.com/shelf/coffee">Coffee</a>
                </li>
                <li>
                    <a class="estDynamic" href="https://www.spesati.com/shelf/gift-baskets">Gift baskets</a>
                </li>
                <li>
                    <a class="estDynamic" href="https://www.spesati.com/shelf/stock-cubes">Nuts and preparations</a>
                </li>
                <li>
                    <a class="estDynamic" href="https://www.spesati.com/shelf/flour-and-baking">Flour and baking</a>
                </li>
                <li>
                    <a class="estDynamic" href="https://www.spesati.com/shelf/milk">Milk</a>
                </li>
                <li>
                    <a class="estDynamic" href="https://www.spesati.com/shelf/oil-salt-vinegar">Oil, vinegar and salt</a>
                </li>
                <li>
                    <a class="estDynamic" href="https://www.spesati.com/shelf/cream-and-bechamel">Cream and bechamel</a>
                </li>
                <li>
                    <a class="estDynamic" href="https://www.spesati.com/shelf/crisps-and-pretzels">Crisps and pretzels</a>
                </li>
                <li>
                    <a class="estDynamic" href="https://www.spesati.com/shelf/baby-and-infants-products">Early childhood products</a>
                </li>
                <li>
                    <a class="estDynamic" href="https://www.spesati.com/shelf/rice">Rice</a>
                </li>
                <li>
                    <a class="estDynamic" href="https://www.spesati.com/shelf/tins-and-preserves">Tins and Preserves</a>
                </li>
                <li>
                    <a class="estDynamic" href="https://www.spesati.com/shelf/spices">Spices</a>
                </li>
                <li>
                    <a class="estDynamic" href="https://www.spesati.com/shelf/sauces">Sauces</a>
                </li>
                <li>
                    <a class="estDynamic" href="https://www.spesati.com/shelf/tea-and-infusions">Tea and infusions</a>
                </li>
                <li>
                    <a class="estDynamic" href="https://www.spesati.com/shelf/eggs">Eggs</a>
                </li>
                <li>
                    <a class="estDynamic" href="https://www.spesati.com/shelf/sugar-and-sweeteners">Sugar and sweeteners</a>
                </li>
            </ul>
        </li>
        <li>
            <a class="estDynamic" href="https://www.spesati.com/personal-care">
                <img src="http://cdn.spesati.com/images/menu/personal-care.png"/>
                Personal care            </a>
            <i class="fa fa-angle-right" aria-hidden="true"></i>
            <ul class="sub-menu">
                <li>
                    <a class="estDynamic" href="https://www.spesati.com/personal-care/accessories-and-cotton">Accessories and cotton</a>
                </li>
                <li>
                    <a class="estDynamic" href="https://www.spesati.com/personal-care/feminine-care-incontinence-and-baby-diapers">Feminine incontinence and diapers</a>
                </li>
                <li>
                    <a class="estDynamic" href="https://www.spesati.com/personal-care/shower-gel">Shower gel</a>
                </li>
                <li>
                    <a class="estDynamic" href="https://www.spesati.com/personal-care/creams">Creams</a>
                </li>
                <li>
                    <a class="estDynamic" href="https://www.spesati.com/personal-care/deodorant">Deodorant</a>
                </li>
                <li>
                    <a class="estDynamic" href="https://www.spesati.com/personal-care/hair-removal">Hair removal</a>
                </li>
                <li>
                    <a class="estDynamic" href="https://www.spesati.com/personal-care/disinfectants">Disinfectants</a>
                </li>
                <li>
                    <a class="estDynamic" href="https://www.spesati.com/personal-care/oral-hygiene">Oral hygiene</a>
                </li>
                <li>
                    <a class="estDynamic" href="https://www.spesati.com/personal-care/supplements-and-multivitamins">Supplements and multivitamins</a>
                </li>
                <li>
                    <a class="estDynamic" href="https://www.spesati.com/personal-care/first-aid">First aid label</a>
                </li>
                <li>
                    <a class="estDynamic" href="https://www.spesati.com/personal-care/beard-products">Beard products</a>
                </li>
                <li>
                    <a class="estDynamic" href="https://www.spesati.com/personal-care/hairs-products">Hair products</a>
                </li>
                <li>
                    <a class="estDynamic" href="https://www.spesati.com/personal-care/perfume">Perfumes</a>
                </li>
                <li>
                    <a class="estDynamic" href="https://www.spesati.com/personal-care/wipes">Wipes</a>
                </li>
                <li>
                    <a class="estDynamic" href="https://www.spesati.com/personal-care/soaps-and-body-wash">Soaps and body wash</a>
                </li>
                <li>
                    <a class="estDynamic" href="https://www.spesati.com/personal-care/shampoo-and-conditioner">Shampoo and conditioner</a>
                </li>
            </ul>
        </li>
        <li>
            <a class="estDynamic" href="https://www.spesati.com/household-and-outdoors">
                <img src="http://cdn.spesati.com/images/menu/pellet-and-home.png"/>
                Home and outdoors 
            </a>
            <i class="fa fa-angle-right" aria-hidden="true"></i>
            <ul class="sub-menu">
                <li>
                    <a class="estDynamic" href="https://www.spesati.com/household-and-outdoors/distilled-water">Distilled water</a>
                </li>
                <li>
                    <a class="estDynamic" href="https://www.spesati.com/household-and-outdoors/car-products">Cars</a>
                </li>
                <li>
                    <a class="estDynamic" href="https://www.spesati.com/household-and-outdoors/bin-bags-and-buckets">Bin bags and buckets</a>
                </li>
                <li>
                    <a class="estDynamic" href="https://www.spesati.com/household-and-outdoors/bleach-and-stain-removers">Bleach and stain removers</a>
                </li>
                <li>
                    <a class="estDynamic" href="https://www.spesati.com/household-and-outdoors/candles">Candles</a>
                </li>
                <li>
                    <a class="estDynamic" href="https://www.spesati.com/household-and-outdoors/kitchen-roll">Kitchen roll</a>
                </li>
                <li>
                    <a class="estDynamic" href="https://www.spesati.com/household-and-outdoors/air-fresheners">Air fresheners</a>
                </li>
                <li>
                    <a class="estDynamic" href="https://www.spesati.com/household-and-outdoors/laundry-accessories-and-detergent">Laundry detergent</a>
                </li>
                <li>
                    <a class="estDynamic" href="https://www.spesati.com/household-and-outdoors/dishwasher-and-washing-up">Dishwasher and washing up</a>
                </li>
                <li>
                    <a class="estDynamic" href="https://www.spesati.com/household-and-outdoors/gardening">Gardening</a>
                </li>
                <li>
                    <a class="estDynamic" href="https://www.spesati.com/household-and-outdoors/light-bulbs-and-batteries">Lightbulbs and batteries</a>
                </li>
                <li>
                    <a class="estDynamic" href="https://www.spesati.com/household-and-outdoors/pellet-and-bbq">Pellet and BBQ</a>
                </li>
                <li>
                    <a class="estDynamic" href="https://www.spesati.com/household-and-outdoors/bathroom-products">Bathroom products</a>
                </li>
                <li>
                    <a class="estDynamic" href="https://www.spesati.com/household-and-outdoors/home-and-furniture-products">Home and furniture products</a>
                </li>
                <li>
                    <a class="estDynamic" href="https://www.spesati.com/household-and-outdoors/kitchen-products">Kitchen products</a>
                </li>
                <li>
                    <a class="estDynamic" href="https://www.spesati.com/household-and-outdoors/window-and-floor-cleaners">Window and floor cleaner</a>
                </li>
                <li>
                    <a class="estDynamic" href="https://www.spesati.com/household-and-outdoors/repellents">Repellents</a>
                </li>
                <li>
                    <a class="estDynamic" href="https://www.spesati.com/household-and-outdoors/disposable-tableware">Disposable tableware</a>
                </li>
            </ul>
        </li>
        <li>
            <a class="estDynamic" href="https://www.spesati.com/pet">
                <img src="http://cdn.spesati.com/images/menu/animals.png"/>
                Pets            </a>
            <i class="fa fa-angle-right" aria-hidden="true"></i>
            <ul class="sub-menu">
                <li>
                    <a class="estDynamic" href="https://www.spesati.com/pets/pet-food-other-animals">Other animals pet food</a>
                </li>
                <li>
                    <a class="estDynamic" href="https://www.spesati.com/pets/pet-food-dogs">Pet food dogs</a>
                </li>
                <li>
                    <a class="estDynamic" href="https://www.spesati.com/pets/pet-food-cats">Pet food cats</a>
                </li>
                <li>
                    <a class="estDynamic" href="https://www.spesati.com/pets/hygiene-and-cleaning">Hygiene and cleaning</a>
                </li>
            </ul>
        </li>
        <li>
            <a class="estDynamic" href="https://www.spesati.com/technology">
                <img src="http://cdn.spesati.com/images/menu/technology.png"/>
                Technology            </a>
            <i class="fa fa-angle-right" aria-hidden="true"></i>
            <ul class="sub-menu">
                <li>
                    <a class="estDynamic" href="https://www.spesati.com/technology/accessories">Accessories</a>
                </li>
                <li>
                    <a class="estDynamic" href="https://www.spesati.com/technology/computer">Computer</a>
                </li>
                <li>
                    <a class="estDynamic" href="https://www.spesati.com/technology/telephones">Telephones</a>
                </li>
                <li>
                    <a class="estDynamic" href="https://www.spesati.com/technology/tv">TV</a>
                </li>
            </ul>
        </li>
        <li>
            <a class="estDynamic" href="https://www.spesati.com/gluten-free">
                <img src="http://cdn.spesati.com/images/menu/gluten-free.png"/>
                Gluten free            </a>
            <i class="fa fa-angle-right" aria-hidden="true"></i>
            <ul class="sub-menu">
                <li>
                    <a class="estDynamic" href="https://www.spesati.com/gluten-free/frozen-foods">Frozen foods</a>
                </li>
                <li>
                    <a class="estDynamic" href="https://www.spesati.com/gluten-free/beer">Beer</a>
                </li>
                <li>
                    <a class="estDynamic" href="https://www.spesati.com/gluten-free/sweets">Sweets</a>
                </li>
                <li>
                    <a class="estDynamic" href="https://www.spesati.com/gluten-free/bread-and-pasta">Bread and pasta</a>
                </li>
                <li>
                    <a class="estDynamic" href="https://www.spesati.com/gluten-free/shelf">Cupboard</a>
                </li>
            </ul>
        </li>
        <li>
            <a class="estDynamic" href="https://www.spesati.com/lactose-free">
                <img src="http://cdn.spesati.com/images/menu/lactose-free.png"/>
                Lactose free            </a>
            <i class="fa fa-angle-right" aria-hidden="true"></i>
            <ul class="sub-menu">
                <li>
                    <a class="estDynamic" href="https://www.spesati.com/lactose-free/frozen-foods">Frozen foods</a>
                </li>
                <li>
                    <a class="estDynamic" href="https://www.spesati.com/lactose-free/sweets">Sweets</a>
                </li>
                <li>
                    <a class="estDynamic" href="https://www.spesati.com/lactose-free/dairy-product">Dairy product</a>
                </li>
                <li>
                    <a class="estDynamic" href="https://www.spesati.com/lactose-free/shelf">Cupboard</a>
                </li>
            </ul>
        </li>
        <li>
            <a class="estDynamic" href="https://www.spesati.com/special">
                <img src="http://cdn.spesati.com/images/menu/special.png"/>
                Special            </a>
            <i class="fa fa-angle-right" aria-hidden="true"></i>
            <ul class="sub-menu">
                <li>
                    <a class="estDynamic" href="https://www.spesati.com/special/alpro">Alpro</a>
                </li>
                <li>
                    <a class="estDynamic" href="https://www.spesati.com/special/organic">Biological</a>
                </li>
                <li>
                    <a class="estDynamic" href="https://www.spesati.com/special/meat">Meat</a>
                </li>
                <li>
                    <a class="estDynamic" href="https://www.spesati.com/special/wholegrain">Wholegrain</a>
                </li>
                <li>
                    <a class="estDynamic" href="https://www.spesati.com/special/bread-and-pasta">Bread and pasta</a>
                </li>
                <li>
                    <a class="estDynamic" href="https://www.spesati.com/special/vegan">Vegan</a>
                </li>
            </ul>
        </li>
        <li>
            <a class="estDynamic" href="https://www.spesati.com/sardinian-products">
                <img src="http://cdn.spesati.com/images/menu/sardinian-products.png"/>
                Sardinian products            </a>
            <i class="fa fa-angle-right" aria-hidden="true"></i>
            <ul class="sub-menu">
                <li>
                    <a class="estDynamic" href="https://www.spesati.com/sardinian-products/drinks">Drinks</a>
                </li>
                <li>
                    <a class="estDynamic" href="https://www.spesati.com/sardinian-products/meat">Meat</a>
                </li>
                <li>
                    <a class="estDynamic" href="https://www.spesati.com/sardinian-products/sweets">Sweets</a>
                </li>
                <li>
                    <a class="estDynamic" href="https://www.spesati.com/sardinian-products/fruit-and-vegetables">Fruit and vegetables</a>
                </li>
                <li>
                    <a class="estDynamic" href="https://www.spesati.com/sardinian-products/ichnusa">Ichnusa</a>
                </li>
                <li>
                    <a class="estDynamic" href="https://www.spesati.com/sardinian-products/dairy-product">Dairy product</a>
                </li>
                <li>
                    <a class="estDynamic" href="https://www.spesati.com/sardinian-products/bread-and-pasta">Bread and pasta</a>
                </li>
                <li>
                    <a class="estDynamic" href="https://www.spesati.com/sardinian-products/fish">Fish</a>
                </li>
                <li>
                    <a class="estDynamic" href="https://www.spesati.com/sardinian-products/cured-meat">Cured meat</a>
                </li>
                <li>
                    <a class="estDynamic" href="https://www.spesati.com/sardinian-products/shelf">Cupboard</a>
                </li>
                <li>
                    <a class="estDynamic" href="https://www.spesati.com/sardinian-products/vermentino-wine">Vermentino wine</a>
                </li>
                <li>
                    <a class="estDynamic" href="https://www.spesati.com/sardinian-products/wine-beer-and-spirits">Wine beer and spirits</a>
                </li>
            </ul>
        </li>
    </ul>
</div>    <div class="colRight">
        <div class="title mobile">
	<a href="https://www.spesati.com/household-and-outdoors"><i class="fa red fa-angle-left fa-3x mobile" aria-hidden="true"></i></a>
	<h2>
		<b>
			repellents		</b>
	</h2>
</div>

<div class="breadcrumb bgGrey internal">
	<p>
		<b>
			<a href="https://www.spesati.com/">Home</a>
												&gt; <a href="https://www.spesati.com/household-and-outdoors">Home and outdoors</a>
																&gt; Repellents									</b>
	</p>
	<div>
		<p>Order by</p>
		<select name="orderProd" id="orderProd">
			<option disabled="disabled" selected="selected">- Choose -</option>
			<option value="nameAsc">Name (A - Z)</option>
			<option value="nameDes">Name (Z - A)</option>
			<option value="priceHigh">Price - High to low</option>
			<option value="priceLow">Price - Low to high</option>
			<option value="soldAsc">Best Selling</option>
			<option value="available">Availability</option>
		</select>
	</div>
</div>
        <div class="containerProduct">
            <script type='text/javascript'>var track = '{"event":"ViewContent", "type":"category", "id":"Casa", "subids":["Repellenti"], "url":"https://www.spesati.com/household-and-outdoors/repellents"}';</script>
<script>
gtag('event', 'select_content', {content_type: 'category', item_id: 'Casa'});gtag('event', 'select_content', {content_type: 'category', item_id: 'Repellenti'});
</script>
<div class="left product prod1"
        data-name="Insetticida Spira Spray Mosche E Zanzare 400Ml"
        data-price="3.39"
        data-id="6605"
        data-available="yes"
        data-category="2865"
        data-bestselling="">
    <a href="https://www.spesati.com/insetticida-spira-spray-mosche-e-zanzare-400ml">
        <div style="background-image: url('https://cdn.spesati.com/images/products/306439/insetticida-spira-spray-01.jpg')">
            <div class="hover"></div>
            
            <div class="stickers"></div>
        </div>
    </a>
    <div>
        <h4><a href="https://www.spesati.com/insetticida-spira-spray-mosche-e-zanzare-400ml"><b>Insetticida Spira Spray Mosche E Zanzare 400Ml</b></a></h4>
        <p class="description">0.4 Lt</p>
        <p class="right price"><b>3.39 €</b></p>
        <p class="right unitPrice">8.48 € per litre</p>
    </div>
    <div class="contButton">
    <a class="button bgRed white addToCart" href="#">Add</a>
</div>
</div><div class="left product prod2"
        data-name="Spiralette Profumate Vulcano 10 pz"
        data-price="1.79"
        data-id="5388"
        data-available="yes"
        data-category="2865"
        data-bestselling="">
    <a href="https://www.spesati.com/spiralette-profumate-vulcano-10-pz">
        <div style="background-image: url('https://cdn.spesati.com/images/products/306432/spiralette-profumate-vulcano-01.jpg')">
            <div class="hover"></div>
            
            <div class="stickers"></div>
        </div>
    </a>
    <div>
        <h4><a href="https://www.spesati.com/spiralette-profumate-vulcano-10-pz"><b>Spiralette Profumate Vulcano 10 pz</b></a></h4>
        <p class="description">1 piece</p>
        <p class="right price"><b>1.79 €</b></p>
        <p class="right unitPrice">1.79 € per piece</p>
    </div>
    <div class="contButton">
    <a class="button bgRed white addToCart" href="#">Add</a>
</div>
</div><div class="left product prod3"
        data-name="Baygon Trigger Scar/formiche"
        data-price="6.99"
        data-id="84272"
        data-available="yes"
        data-category="2865"
        data-bestselling="">
    <a href="https://www.spesati.com/baygon-trigger-scarformiche">
        <div style="background-image: url('https://cdn.spesati.com/images/products/000618079/baygon-scarafaggi-e-formiche-trigger-insetticida-barriera-fino-a-1-mese-1-trigger-da-500-ml-01.png')">
            <div class="hover"></div>
            
            <div class="stickers"></div>
        </div>
    </a>
    <div>
        <h4><a href="https://www.spesati.com/baygon-trigger-scarformiche"><b>Baygon Trigger Scar/formiche</b></a></h4>
        <p class="description">Baygon Scarafaggi e Formiche Trigger Insetticida, Barriera fino a 1 mese, 1 Trigger da 500 ml</p>
        <p class="right price"><b>6.99 €</b></p>
        <p class="right unitPrice">17.48 € per litre</p>
    </div>
    <div class="contButton">
    <a class="button bgRed white addToCart" href="#">Add</a>
</div>
</div><div class="left product prod4"
        data-name="Raid Esche Formiche"
        data-price="4.69"
        data-id="1247"
        data-available="yes"
        data-category="2865"
        data-bestselling="">
    <a href="https://www.spesati.com/raid-esche-formiche">
        <div style="background-image: url('https://cdn.spesati.com/images/products/000618063/raid-esca-formiche-confezione-da-1-esca-insetticida-01.png')">
            <div class="hover"></div>
            
            <div class="stickers"></div>
        </div>
    </a>
    <div>
        <h4><a href="https://www.spesati.com/raid-esche-formiche"><b>Raid Esche Formiche</b></a></h4>
        <p class="description">Raid Esca Formiche, Confezione da 1 Esca Insetticida</p>
        <p class="right price"><b>4.69 €</b></p>
        <p class="right unitPrice">4.68 € per piece</p>
    </div>
    <div class="contButton">
    <a class="button bgRed white addToCart" href="#">Add</a>
</div>
</div><div class="left product prod5"
        data-name="Raid Insetticida Mosche Zanzare"
        data-price="4.69"
        data-id="1248"
        data-available="yes"
        data-category="2865"
        data-bestselling="">
    <a href="https://www.spesati.com/raid-insetticida-mosche-zanzare">
        <div style="background-image: url('https://cdn.spesati.com/images/products/000618059/raid-mosche-e-zanzare-plus-400-ml-01.png')">
            <div class="hover"></div>
            
            <div class="stickers"></div>
        </div>
    </a>
    <div>
        <h4><a href="https://www.spesati.com/raid-insetticida-mosche-zanzare"><b>Raid Insetticida Mosche Zanzare</b></a></h4>
        <p class="description">Raid Mosche e Zanzare Plus, 400 ml</p>
        <p class="right price"><b>4.69 €</b></p>
        <p class="right unitPrice">11.72 € per litre</p>
    </div>
    <div class="contButton">
    <a class="button bgRed white addToCart" href="#">Add</a>
</div>
</div><div class="left product prod6"
        data-name="Raid Liqu Eucalipt Ric 60notti"
        data-price="5.99"
        data-id="78284"
        data-available="yes"
        data-category="2865"
        data-bestselling="">
    <a href="https://www.spesati.com/raid-liqu-eucalipt-ric-60notti">
        <div style="background-image: url('https://cdn.spesati.com/images/products/000442044/raid-liquido-elettrico-ricarica-60-notti-eucalipto-36-ml-01.png')">
            <div class="hover"></div>
            
            <div class="stickers"></div>
        </div>
    </a>
    <div>
        <h4><a href="https://www.spesati.com/raid-liqu-eucalipt-ric-60notti"><b>Raid Liqu Eucalipt Ric 60notti</b></a></h4>
        <p class="description">Raid Liquido Elettrico Ricarica, 60 Notti, Eucalipto, 36 ml</p>
        <p class="right price"><b>5.99 €</b></p>
        <p class="right unitPrice">149.76 € per litre</p>
    </div>
    <div class="contButton">
    <a class="button bgRed white addToCart" href="#">Add</a>
</div>
</div><div class="left product prod7"
        data-name="Raid Family Liqu Ricar 60notti"
        data-price="5.99"
        data-id="78281"
        data-available="yes"
        data-category="2865"
        data-bestselling="">
    <a href="https://www.spesati.com/raid-family-liqu-ricar-60notti">
        <div style="background-image: url('https://cdn.spesati.com/images/products/000442043/raid-liquido-family-ricarica-60-notti-lavanda-36-ml-01.png')">
            <div class="hover"></div>
            
            <div class="stickers"></div>
        </div>
    </a>
    <div>
        <h4><a href="https://www.spesati.com/raid-family-liqu-ricar-60notti"><b>Raid Family Liqu Ricar 60notti</b></a></h4>
        <p class="description">Raid Liquido Family Ricarica, 60 Notti, Lavanda, 36 ml</p>
        <p class="right price"><b>5.99 €</b></p>
        <p class="right unitPrice">149.76 € per litre</p>
    </div>
    <div class="contButton">
    <a class="button bgRed white addToCart" href="#">Add</a>
</div>
</div><div class="left product prod8"
        data-name="Raid Family Base Liqu 60notti"
        data-price="7.89"
        data-id="78278"
        data-available="yes"
        data-category="2865"
        data-bestselling="">
    <a href="https://www.spesati.com/raid-family-base-liqu-60notti">
        <div style="background-image: url('https://cdn.spesati.com/images/products/000442042/raid-liquido-family-base-e-ricarica-60-notti-lavanda-01.png')">
            <div class="hover"></div>
            
            <div class="stickers"></div>
        </div>
    </a>
    <div>
        <h4><a href="https://www.spesati.com/raid-family-base-liqu-60notti"><b>Raid Family Base Liqu 60notti</b></a></h4>
        <p class="description">Raid Liquido Family Base e Ricarica, 60 Notti, Lavanda</p>
        <p class="right price"><b>7.89 €</b></p>
        <p class="right unitPrice">197.32 € per litre</p>
    </div>
    <div class="contButton">
    <a class="button bgRed white addToCart" href="#">Add</a>
</div>
</div><div class="left product prod9"
        data-name="Raid Liquido Base Promo Pack"
        data-price="7.29"
        data-id="32038"
        data-available="yes"
        data-category="2865"
        data-bestselling="">
    <a href="https://www.spesati.com/raid-liquido-base-promo-pack">
        <div style="background-image: url('https://cdn.spesati.com/images/products/000313405/raid-liquido-elettrico-antizanzare-tigre-e-comuni-promo-2-diffusori2-ricariche-60-notti-inodore-01.png')">
            <div class="hover"></div>
            
            <div class="stickers"></div>
        </div>
    </a>
    <div>
        <h4><a href="https://www.spesati.com/raid-liquido-base-promo-pack"><b>Raid Liquido Base Promo Pack</b></a></h4>
        <p class="description">Raid Liquido Elettrico Antizanzare Tigre e Comuni Promo, 2 Diffusori+2 Ricariche, 60 Notti, Inodore</p>
        <p class="right price"><b>7.29 €</b></p>
        <p class="right unitPrice">7.30 € per piece</p>
    </div>
    <div class="contButton">
    <a class="button bgRed white addToCart" href="#">Add</a>
</div>
</div><div class="left product prod10"
        data-name="Vape Piastrine Ricar Verde 20p"
        data-price="3.49"
        data-id="32027"
        data-available="yes"
        data-category="2865"
        data-bestselling="">
    <a href="https://www.spesati.com/vape-piastrine-ricar-verde-20p">
        <div style="background-image: url('https://cdn.spesati.com/images/products/000313355/vape-piastrine-verdessenza-20-pz-01.png')">
            <div class="hover"></div>
            
            <div class="stickers"></div>
        </div>
    </a>
    <div>
        <h4><a href="https://www.spesati.com/vape-piastrine-ricar-verde-20p"><b>Vape Piastrine Ricar Verde 20p</b></a></h4>
        <p class="description">VAPE Piastrine Verdessenza 20 pz</p>
        <p class="right price"><b>3.49 €</b></p>
        <p class="right unitPrice">3.49 € per piece</p>
    </div>
    <div class="contButton">
    <a class="button bgRed white addToCart" href="#">Add</a>
</div>
</div><div class="left product prod11"
        data-name="Vape Elettroem Verde C-6 Piast"
        data-price="4.99"
        data-id="32026"
        data-available="yes"
        data-category="2865"
        data-bestselling="">
    <a href="https://www.spesati.com/vape-elettroem-verde-c-6-piast">
        <div style="background-image: url('https://cdn.spesati.com/images/products/000313354/vape-elettroemanatore-piastrine-verdessenza-6-ricariche-01.png')">
            <div class="hover"></div>
            
            <div class="stickers"></div>
        </div>
    </a>
    <div>
        <h4><a href="https://www.spesati.com/vape-elettroem-verde-c-6-piast"><b>Vape Elettroem Verde C-6 Piast</b></a></h4>
        <p class="description">VAPE Elettroemanatore Piastrine Verdessenza + 6 Ricariche</p>
        <p class="right price"><b>4.99 €</b></p>
        <p class="right unitPrice">4.99 € per piece</p>
    </div>
    <div class="contButton">
    <a class="button bgRed white addToCart" href="#">Add</a>
</div>
</div><div class="left product prod12"
        data-name="Vape Open Air Spray 500ml"
        data-price="6.99"
        data-id="30429"
        data-available="yes"
        data-category="2865"
        data-bestselling="">
    <a href="https://www.spesati.com/vape-open-air-spray-500ml">
        <div style="background-image: url('https://cdn.spesati.com/images/products/000307687/vape-open-air-500-ml-01.png')">
            <div class="hover"></div>
            
            <div class="stickers"></div>
        </div>
    </a>
    <div>
        <h4><a href="https://www.spesati.com/vape-open-air-spray-500ml"><b>Vape Open Air Spray 500ml</b></a></h4>
        <p class="description">VAPE Open Air 500 ml</p>
        <p class="right price"><b>6.99 €</b></p>
        <p class="right unitPrice">13.98 € per litre</p>
    </div>
    <div class="contButton">
    <a class="button bgRed white addToCart" href="#">Add</a>
</div>
</div><div class="left product prod13"
        data-name="Vape Zanzare Piastrine Profumate X30"
        data-price="3.49"
        data-id="22759"
        data-available="yes"
        data-category="2865"
        data-bestselling="">
    <a href="https://www.spesati.com/vape-zanzare-piastrine-profumate-x30">
        <div style="background-image: url('https://cdn.spesati.com/images/products/000307685/vape-piastrine-menta-30-pz-01.png')">
            <div class="hover"></div>
            
            <div class="stickers"></div>
        </div>
    </a>
    <div>
        <h4><a href="https://www.spesati.com/vape-zanzare-piastrine-profumate-x30"><b>Vape Zanzare Piastrine Profumate X30</b></a></h4>
        <p class="description">VAPE Piastrine Menta 30 pz</p>
        <p class="right price"><b>3.49 €</b></p>
        <p class="right unitPrice">3.49 € per piece</p>
    </div>
    <div class="contButton">
    <a class="button bgRed white addToCart" href="#">Add</a>
</div>
</div><div class="left product prod14"
        data-name="Vape Ricarica Liquido Cassa Mista Profumato"
        data-price="4.99"
        data-id="6822"
        data-available="yes"
        data-category="2865"
        data-bestselling="">
    <a href="https://www.spesati.com/vape-ricarica-liquido-cassa-mista-profumato">
        <div style="background-image: url('https://cdn.spesati.com/images/products/000307681/vape-liquido-menta-ricarica-36-ml-01.png')">
            <div class="hover"></div>
            
            <div class="stickers"></div>
        </div>
    </a>
    <div>
        <h4><a href="https://www.spesati.com/vape-ricarica-liquido-cassa-mista-profumato"><b>Vape Ricarica Liquido Cassa Mista Profumato</b></a></h4>
        <p class="description">VAPE Liquido Menta Ricarica 36 ml</p>
        <p class="right price"><b>4.99 €</b></p>
        <p class="right unitPrice">4.99 € per piece</p>
    </div>
    <div class="contButton">
    <a class="button bgRed white addToCart" href="#">Add</a>
</div>
</div><div class="left product prod15"
        data-name="Vape Elettroemanat C-10 Piast"
        data-price="4.99"
        data-id="30425"
        data-available="yes"
        data-category="2865"
        data-bestselling="">
    <a href="https://www.spesati.com/vape-elettroemanat-c-10-piast">
        <div style="background-image: url('https://cdn.spesati.com/images/products/000307669/vape-elettroemanatore-piastrine-classic-10-ricariche-01.png')">
            <div class="hover"></div>
            
            <div class="stickers"></div>
        </div>
    </a>
    <div>
        <h4><a href="https://www.spesati.com/vape-elettroemanat-c-10-piast"><b>Vape Elettroemanat C-10 Piast</b></a></h4>
        <p class="description">VAPE Elettroemanatore Piastrine Classic + 10 Ricariche</p>
        <p class="right price"><b>4.99 €</b></p>
        <p class="right unitPrice">4.99 € per piece</p>
    </div>
    <div class="contButton">
    <a class="button bgRed white addToCart" href="#">Add</a>
</div>
</div><div class="left product prod16"
        data-name="Vape Derm Herbal Dopopunt Gel"
        data-price="4.99"
        data-id="30423"
        data-available="yes"
        data-category="2865"
        data-bestselling="">
    <a href="https://www.spesati.com/vape-derm-herbal-dopopunt-gel">
        <div style="background-image: url('https://cdn.spesati.com/images/products/000307646/vape-derm-herbal-gel-dopopuntura-10-ml-01.png')">
            <div class="hover"></div>
            
            <div class="stickers"></div>
        </div>
    </a>
    <div>
        <h4><a href="https://www.spesati.com/vape-derm-herbal-dopopunt-gel"><b>Vape Derm Herbal Dopopunt Gel</b></a></h4>
        <p class="description">VAPE Derm Herbal Gel Dopopuntura 10 ml</p>
        <p class="right price"><b>4.99 €</b></p>
        <p class="right unitPrice">498.98 € per litre</p>
    </div>
    <div class="contButton">
    <a class="button bgRed white addToCart" href="#">Add</a>
</div>
</div><div class="left product prod17"
        data-name="Vape Derm Herbal Salviet Antip"
        data-price="5.69"
        data-id="30422"
        data-available="yes"
        data-category="2865"
        data-bestselling="">
    <a href="https://www.spesati.com/vape-derm-herbal-salviet-antip">
        <div style="background-image: url('https://cdn.spesati.com/images/products/000307639/vape-derm-herbal-salviette-antipuntura-c-15-pz-01.png')">
            <div class="hover"></div>
            
            <div class="stickers"></div>
        </div>
    </a>
    <div>
        <h4><a href="https://www.spesati.com/vape-derm-herbal-salviet-antip"><b>Vape Derm Herbal Salviet Antip</b></a></h4>
        <p class="description">VAPE Derm Herbal Salviette Antipuntura c 15 pz</p>
        <p class="right price"><b>5.69 €</b></p>
        <p class="right unitPrice">5.69 € per piece</p>
    </div>
    <div class="contButton">
    <a class="button bgRed white addToCart" href="#">Add</a>
</div>
</div><div class="left product prod18"
        data-name="Raid Night & Day Base C-ric"
        data-price="6.29"
        data-id="30322"
        data-available="yes"
        data-category="2865"
        data-bestselling="">
    <a href="https://www.spesati.com/raid-night-day-base-c-ric">
        <div style="background-image: url('https://cdn.spesati.com/images/products/000307097/raid-night-day-trio-repellente-antizanzare-base-e-ricarica-con-sabbia-compressa-01.png')">
            <div class="hover"></div>
            
            <div class="stickers"></div>
        </div>
    </a>
    <div>
        <h4><a href="https://www.spesati.com/raid-night-day-base-c-ric"><b>Raid Night & Day Base C-ric</b></a></h4>
        <p class="description">Raid Night & Day Trio, Repellente antizanzare Base e Ricarica con Sabbia Compressa</p>
        <p class="right price"><b>6.29 €</b></p>
        <p class="right unitPrice">6.30 € per piece</p>
    </div>
    <div class="contButton">
    <a class="button bgRed white addToCart" href="#">Add</a>
</div>
</div><div class="left product prod19"
        data-name="Glade Sense & Spray Ric C-mist"
        data-price="5.69"
        data-id="30173"
        data-available="yes"
        data-category="2865"
        data-bestselling="">
    <a href="https://www.spesati.com/glade-sense-spray-ric-c-mist">
        <div style="background-image: url('https://cdn.spesati.com/images/products/000306453/glade-sensespray-ricarica-profumatore-ambienti-fragranze-relaxing-zen-vaniglia-e-mughetto-18ml-01.png')">
            <div class="hover"></div>
            
            <div class="stickers"></div>
        </div>
    </a>
    <div>
        <h4><a href="https://www.spesati.com/glade-sense-spray-ric-c-mist"><b>Glade Sense & Spray Ric C-mist</b></a></h4>
        <p class="description">Glade Sense&Spray Ricarica, Profumatore Ambienti , Fragranze Relaxing Zen, Vaniglia e Mughetto, 18ml</p>
        <p class="right price"><b>5.69 €</b></p>
        <p class="right unitPrice">5.69 € per piece</p>
    </div>
    <div class="contButton">
    <a class="button bgRed white addToCart" href="#">Add</a>
</div>
</div><div class="left product prod20"
        data-name="Raid Piastrine"
        data-price="3.49"
        data-id="4184"
        data-available="yes"
        data-category="2865"
        data-bestselling="">
    <a href="https://www.spesati.com/raid-piastrine">
        <div style="background-image: url('https://cdn.spesati.com/images/products/000306440/raid-piastrine-zanzare-30-pz-01.png')">
            <div class="hover"></div>
            
            <div class="stickers"></div>
        </div>
    </a>
    <div>
        <h4><a href="https://www.spesati.com/raid-piastrine"><b>Raid Piastrine</b></a></h4>
        <p class="description">Raid Piastrine Zanzare 30 pz</p>
        <p class="right price"><b>3.49 €</b></p>
        <p class="right unitPrice">3.49 € per piece</p>
    </div>
    <div class="contButton">
    <a class="button bgRed white addToCart" href="#">Add</a>
</div>
</div><div class="left product prod21"
        data-name="Insett H10 Mosche-zanz 500ml"
        data-price="2.99"
        data-id="30160"
        data-available="yes"
        data-category="2865"
        data-bestselling="">
    <a href="https://www.spesati.com/insett-h10-mosche-zanz-500ml">
        <div style="background-image: url('https://cdn.spesati.com/images/products/000306405/strabilia-h10-insetticida-profumato-500-ml-01.png')">
            <div class="hover"></div>
            
            <div class="stickers"></div>
        </div>
    </a>
    <div>
        <h4><a href="https://www.spesati.com/insett-h10-mosche-zanz-500ml"><b>Insett H10 Mosche-zanz 500ml</b></a></h4>
        <p class="description">Strabilia H10 Insetticida Profumato 500 ml</p>
        <p class="right price"><b>2.99 €</b></p>
        <p class="right unitPrice">5.98 € per litre</p>
    </div>
    <div class="contButton">
    <a class="button bgRed white addToCart" href="#">Add</a>
</div>
</div><div class="left product prod22"
        data-name="Raid Night&Day Zanzare Ricarica"
        data-price="5.69"
        data-id="3716"
        data-available="yes"
        data-category="2865"
        data-bestselling="">
    <a href="https://www.spesati.com/raid-nightday-zanzare-ricarica">
        <div style="background-image: url('https://cdn.spesati.com/images/products/000306401/raid-night-day-zanzare-tigre-e-comuni-1-ricarica-01.png')">
            <div class="hover"></div>
            
            <div class="stickers"></div>
        </div>
    </a>
    <div>
        <h4><a href="https://www.spesati.com/raid-nightday-zanzare-ricarica"><b>Raid Night&Day Zanzare Ricarica</b></a></h4>
        <p class="description">Raid Night & Day Zanzare Tigre e Comuni 1 Ricarica</p>
        <p class="right price"><b>5.69 €</b></p>
        <p class="right unitPrice">5.69 € per piece</p>
    </div>
    <div class="contButton">
    <a class="button bgRed white addToCart" href="#">Add</a>
</div>
</div><div class="left product prod23"
        data-name="Raid Liquido Base 30 Notti"
        data-price="4.99"
        data-id="30158"
        data-available="yes"
        data-category="2865"
        data-bestselling="">
    <a href="https://www.spesati.com/raid-liquido-base-30-notti">
        <div style="background-image: url('https://cdn.spesati.com/images/products/000306397/raid-liquido-elettrico-base-e-ricarica-30-notti-inodore-01.png')">
            <div class="hover"></div>
            
            <div class="stickers"></div>
        </div>
    </a>
    <div>
        <h4><a href="https://www.spesati.com/raid-liquido-base-30-notti"><b>Raid Liquido Base 30 Notti</b></a></h4>
        <p class="description">Raid Liquido Elettrico Base e Ricarica, 30 Notti, Inodore</p>
        <p class="right price"><b>4.99 €</b></p>
        <p class="right unitPrice">4.99 € per piece</p>
    </div>
    <div class="contButton">
    <a class="button bgRed white addToCart" href="#">Add</a>
</div>
</div><div class="left product prod24"
        data-name="Raid Esca Scarafaggi"
        data-price="5.99"
        data-id="4253"
        data-available="yes"
        data-category="2865"
        data-bestselling="">
    <a href="https://www.spesati.com/raid-esca-scarafaggi">
        <div style="background-image: url('https://cdn.spesati.com/images/products/000306393/raid-esca-scarafaggi-01.png')">
            <div class="hover"></div>
            
            <div class="stickers"></div>
        </div>
    </a>
    <div>
        <h4><a href="https://www.spesati.com/raid-esca-scarafaggi"><b>Raid Esca Scarafaggi</b></a></h4>
        <p class="description">Raid Esca Scarafaggi</p>
        <p class="right price"><b>5.99 €</b></p>
        <p class="right unitPrice">5.99 € per piece</p>
    </div>
    <div class="contButton">
    <a class="button bgRed white addToCart" href="#">Add</a>
</div>
</div><div class="left product prod25"
        data-name="Autan Dopopuntura 25ml"
        data-price="6.99"
        data-id="30156"
        data-available="yes"
        data-category="2865"
        data-bestselling="">
    <a href="https://www.spesati.com/autan-dopopuntura-25ml">
        <div style="background-image: url('https://cdn.spesati.com/images/products/000306388/autan-dopopuntura-gel-25-ml-01.png')">
            <div class="hover"></div>
            
            <div class="stickers"></div>
        </div>
    </a>
    <div>
        <h4><a href="https://www.spesati.com/autan-dopopuntura-25ml"><b>Autan Dopopuntura 25ml</b></a></h4>
        <p class="description">Autan dopopuntura Gel 25 ml</p>
        <p class="right price"><b>6.99 €</b></p>
        <p class="right unitPrice">279.62 € per litre</p>
    </div>
    <div class="contButton">
    <a class="button bgRed white addToCart" href="#">Add</a>
</div>
</div><div class="left product prod26"
        data-name="Baygon Blu Mosche E Zanzare Spray 400Ml"
        data-price="4.69"
        data-id="4374"
        data-available="yes"
        data-category="2865"
        data-bestselling="">
    <a href="https://www.spesati.com/baygon-blu-mosche-e-zanzare-spray-400ml">
        <div style="background-image: url('https://cdn.spesati.com/images/products/000306378/baygon-mosche-e-zanzare-spray-400-ml-01.png')">
            <div class="hover"></div>
            
            <div class="stickers"></div>
        </div>
    </a>
    <div>
        <h4><a href="https://www.spesati.com/baygon-blu-mosche-e-zanzare-spray-400ml"><b>Baygon Blu Mosche E Zanzare Spray 400Ml</b></a></h4>
        <p class="description">Baygon Mosche e Zanzare Spray 400 ml</p>
        <p class="right price"><b>4.69 €</b></p>
        <p class="right unitPrice">11.72 € per litre</p>
    </div>
    <div class="contButton">
    <a class="button bgRed white addToCart" href="#">Add</a>
</div>
</div><div class="left product prod27"
        data-name="Baygon Scaraf-form Spray 400m"
        data-price="6.29"
        data-id="30150"
        data-available="yes"
        data-category="2865"
        data-bestselling="">
    <a href="https://www.spesati.com/baygon-scaraf-form-spray-400m">
        <div style="background-image: url('https://cdn.spesati.com/images/products/000306375/baygon-scarafaggi-e-formiche-spray-insetticida-400ml-01.png')">
            <div class="hover"></div>
            
            <div class="stickers"></div>
        </div>
    </a>
    <div>
        <h4><a href="https://www.spesati.com/baygon-scaraf-form-spray-400m"><b>Baygon Scaraf-form Spray 400m</b></a></h4>
        <p class="description">Baygon Scarafaggi e Formiche Spray Insetticida 400ml</p>
        <p class="right price"><b>6.29 €</b></p>
        <p class="right unitPrice">15.73 € per litre</p>
    </div>
    <div class="contButton">
    <a class="button bgRed white addToCart" href="#">Add</a>
</div>
</div><div class="left product prod28"
        data-name="Baygon Scarafaggi Formiche Polvere Ml 250"
        data-price="5.99"
        data-id="4988"
        data-available="yes"
        data-category="2865"
        data-bestselling="">
    <a href="https://www.spesati.com/baygon-scarafaggi-formiche-polvere-ml-250">
        <div style="background-image: url('https://cdn.spesati.com/images/products/000306370/baygon-polvere-scarafaggi-e-formiche-250-g-01.png')">
            <div class="hover"></div>
            
            <div class="stickers"></div>
        </div>
    </a>
    <div>
        <h4><a href="https://www.spesati.com/baygon-scarafaggi-formiche-polvere-ml-250"><b>Baygon Scarafaggi Formiche Polvere Ml 250</b></a></h4>
        <p class="description">Baygon Polvere Scarafaggi e Formiche 250 g</p>
        <p class="right price"><b>5.99 €</b></p>
        <p class="right unitPrice">23.96 € per litre</p>
    </div>
    <div class="contButton">
    <a class="button bgRed white addToCart" href="#">Add</a>
</div>
</div><div class="left product prod29"
        data-name="Raid Antitarme Lavanda"
        data-price="3.29"
        data-id="1246"
        data-available="yes"
        data-category="2865"
        data-bestselling="">
    <a href="https://www.spesati.com/raid-antitarme-lavanda">
        <div style="background-image: url('https://cdn.spesati.com/images/products/000306266/raid-tarme-gel-lavanda-2-x-3-g-01.png')">
            <div class="hover"></div>
            
            <div class="stickers"></div>
        </div>
    </a>
    <div>
        <h4><a href="https://www.spesati.com/raid-antitarme-lavanda"><b>Raid Antitarme Lavanda</b></a></h4>
        <p class="description">Raid Tarme Gel Lavanda 2 x 3 g</p>
        <p class="right price"><b>3.29 €</b></p>
        <p class="right unitPrice">1.65 € per piece</p>
    </div>
    <div class="contButton">
    <a class="button bgRed white addToCart" href="#">Add</a>
</div>
</div><div class="left product prod30"
        data-name="Glade Gel Assorbiod Agr Lavan"
        data-price="2.69"
        data-id="30128"
        data-available="yes"
        data-category="2865"
        data-bestselling="">
    <a href="https://www.spesati.com/glade-gel-assorbiod-agr-lavan">
        <div style="background-image: url('https://cdn.spesati.com/images/products/000306244/glade-assorbiodori-relaxing-zen-150-g-01.png')">
            <div class="hover"></div>
            
            <div class="stickers"></div>
        </div>
    </a>
    <div>
        <h4><a href="https://www.spesati.com/glade-gel-assorbiod-agr-lavan"><b>Glade Gel Assorbiod Agr Lavan</b></a></h4>
        <p class="description">Glade Assorbiodori relaxing zen 150 g</p>
        <p class="right price"><b>2.69 €</b></p>
        <p class="right unitPrice">17.93 € per kg</p>
    </div>
    <div class="contButton">
    <a class="button bgRed white addToCart" href="#">Add</a>
</div>
</div><div class="left product prod31"
        data-name="Baygon Liquido Genius Ricarica"
        data-price="4.79"
        data-id="3639"
        data-available="yes"
        data-category="2865"
        data-bestselling="">
    <a href="https://www.spesati.com/baygon-liquido-genius-ricarica">
        <div style="background-image: url('https://cdn.spesati.com/images/products/000303100/baygon-genius-liquido-zanzare-comuni-e-tigre-1-diffusore-1-ricarica-21-ml-01.png')">
            <div class="hover"></div>
            
            <div class="stickers"></div>
        </div>
    </a>
    <div>
        <h4><a href="https://www.spesati.com/baygon-liquido-genius-ricarica"><b>Baygon Liquido Genius Ricarica</b></a></h4>
        <p class="description">Baygon Genius Liquido Zanzare Comuni e Tigre 1 diffusore + 1 ricarica 21 ml</p>
        <p class="right price"><b>4.79 €</b></p>
        <p class="right unitPrice">4.79 € per kg</p>
    </div>
    <div class="contButton">
    <a class="button bgRed white addToCart" href="#">Add</a>
</div>
</div><div class="left product prod32"
        data-name="Baygon Genius Liquido Base"
        data-price="5.99"
        data-id="4183"
        data-available="yes"
        data-category="2865"
        data-bestselling="">
    <a href="https://www.spesati.com/baygon-genius-liquido-base">
        <div style="background-image: url('https://cdn.spesati.com/images/products/000301049/baygon-genius-liquido-zanzare-comuni-e-tigre-1-ricarica-27-ml-01.png')">
            <div class="hover"></div>
            
            <div class="stickers"></div>
        </div>
    </a>
    <div>
        <h4><a href="https://www.spesati.com/baygon-genius-liquido-base"><b>Baygon Genius Liquido Base</b></a></h4>
        <p class="description">Baygon Genius Liquido Zanzare Comuni e Tigre 1 Ricarica 27 ml</p>
        <p class="right price"><b>5.99 €</b></p>
        <p class="right unitPrice">5.99 € per kg</p>
    </div>
    <div class="contButton">
    <a class="button bgRed white addToCart" href="#">Add</a>
</div>
</div><div class="left product prod33"
        data-name="Tealight Panteller Citron 25pz"
        data-price="2.89"
        data-id="70161"
        data-available="yes"
        data-category="2865"
        data-bestselling="">
    <a href="https://www.spesati.com/tealight-panteller-citron-25pz">
        <div style="background-image: url('https://cdn.spesati.com/images/products/missing-image/missing-image.jpg')">
            <div class="hover"></div>
            
            <div class="stickers"></div>
        </div>
    </a>
    <div>
        <h4><a href="https://www.spesati.com/tealight-panteller-citron-25pz"><b>Tealight Panteller Citron 25pz</b></a></h4>
        <p class="description">1 piece</p>
        <p class="right price"><b>2.89 €</b></p>
        <p class="right unitPrice">2.89 € per piece</p>
    </div>
    <div class="contButton">
    <a class="button bgRed white addToCart" href="#">Add</a>
</div>
</div><div class="left product prod34"
        data-name="Fiaccola Citronel Allum 140mm"
        data-price="3.19"
        data-id="29921"
        data-available="yes"
        data-category="2865"
        data-bestselling="">
    <a href="https://www.spesati.com/fiaccola-citronel-allum-140mm">
        <div style="background-image: url('https://cdn.spesati.com/images/products/missing-image/missing-image.jpg')">
            <div class="hover"></div>
            
            <div class="stickers"></div>
        </div>
    </a>
    <div>
        <h4><a href="https://www.spesati.com/fiaccola-citronel-allum-140mm"><b>Fiaccola Citronel Allum 140mm</b></a></h4>
        <p class="description">1 piece</p>
        <p class="right price"><b>3.19 €</b></p>
        <p class="right unitPrice">3.20 € per piece</p>
    </div>
    <div class="contButton">
    <a class="button bgRed white addToCart" href="#">Add</a>
</div>
</div><div class="left product prod35"
        data-name="Fiaccola Coccio Citron 15,5mm"
        data-price="5.39"
        data-id="29922"
        data-available="yes"
        data-category="2865"
        data-bestselling="">
    <a href="https://www.spesati.com/fiaccola-coccio-citron-155mm">
        <div style="background-image: url('https://cdn.spesati.com/images/products/missing-image/missing-image.jpg')">
            <div class="hover"></div>
            
            <div class="stickers"></div>
        </div>
    </a>
    <div>
        <h4><a href="https://www.spesati.com/fiaccola-coccio-citron-155mm"><b>Fiaccola Coccio Citron 15,5mm</b></a></h4>
        <p class="description">1 piece</p>
        <p class="right price"><b>5.39 €</b></p>
        <p class="right unitPrice">5.39 € per piece</p>
    </div>
    <div class="contButton">
    <a class="button bgRed white addToCart" href="#">Add</a>
</div>
</div><div class="left product prod36"
        data-name="Candela Tealight Neutro 80pz"
        data-price="7.35"
        data-id="29923"
        data-available="yes"
        data-category="2865"
        data-bestselling="">
    <a href="https://www.spesati.com/candela-tealight-neutro-80pz">
        <div style="background-image: url('https://cdn.spesati.com/images/products/missing-image/missing-image.jpg')">
            <div class="hover"></div>
            
            <div class="stickers"></div>
        </div>
    </a>
    <div>
        <h4><a href="https://www.spesati.com/candela-tealight-neutro-80pz"><b>Candela Tealight Neutro 80pz</b></a></h4>
        <p class="description">1 piece</p>
        <p class="right price"><b>7.35 €</b></p>
        <p class="right unitPrice">7.34 € per piece</p>
    </div>
    <div class="contButton">
    <a class="button bgRed white addToCart" href="#">Add</a>
</div>
</div><div class="left product prod37"
        data-name="Candela Tealight Citron 12pz"
        data-price="3.39"
        data-id="29924"
        data-available="yes"
        data-category="2865"
        data-bestselling="">
    <a href="https://www.spesati.com/candela-tealight-citron-12pz">
        <div style="background-image: url('https://cdn.spesati.com/images/products/missing-image/missing-image.jpg')">
            <div class="hover"></div>
            
            <div class="stickers"></div>
        </div>
    </a>
    <div>
        <h4><a href="https://www.spesati.com/candela-tealight-citron-12pz"><b>Candela Tealight Citron 12pz</b></a></h4>
        <p class="description">1 piece</p>
        <p class="right price"><b>3.39 €</b></p>
        <p class="right unitPrice">3.39 € per piece</p>
    </div>
    <div class="contButton">
    <a class="button bgRed white addToCart" href="#">Add</a>
</div>
</div><div class="left product prod38"
        data-name="Lumini Bicch Citronel 3pz 48mm"
        data-price="3.29"
        data-id="29925"
        data-available="yes"
        data-category="2865"
        data-bestselling="">
    <a href="https://www.spesati.com/lumini-bicch-citronel-3pz-48mm">
        <div style="background-image: url('https://cdn.spesati.com/images/products/missing-image/missing-image.jpg')">
            <div class="hover"></div>
            
            <div class="stickers"></div>
        </div>
    </a>
    <div>
        <h4><a href="https://www.spesati.com/lumini-bicch-citronel-3pz-48mm"><b>Lumini Bicch Citronel 3pz 48mm</b></a></h4>
        <p class="description">1 piece</p>
        <p class="right price"><b>3.29 €</b></p>
        <p class="right unitPrice">3.29 € per piece</p>
    </div>
    <div class="contButton">
    <a class="button bgRed white addToCart" href="#">Add</a>
</div>
</div><div class="left product prod39"
        data-name="Fiaccola Citronel Allum 160mm"
        data-price="4.19"
        data-id="29926"
        data-available="yes"
        data-category="2865"
        data-bestselling="">
    <a href="https://www.spesati.com/fiaccola-citronel-allum-160mm">
        <div style="background-image: url('https://cdn.spesati.com/images/products/missing-image/missing-image.jpg')">
            <div class="hover"></div>
            
            <div class="stickers"></div>
        </div>
    </a>
    <div>
        <h4><a href="https://www.spesati.com/fiaccola-citronel-allum-160mm"><b>Fiaccola Citronel Allum 160mm</b></a></h4>
        <p class="description">1 piece</p>
        <p class="right price"><b>4.19 €</b></p>
        <p class="right unitPrice">4.18 € per piece</p>
    </div>
    <div class="contButton">
    <a class="button bgRed white addToCart" href="#">Add</a>
</div>
</div><div class="left product prod40"
        data-name="Insettic Spira Microtech 400ml"
        data-price="4.99"
        data-id="30159"
        data-available="yes"
        data-category="2865"
        data-bestselling="">
    <a href="https://www.spesati.com/insettic-spira-microtech-400ml">
        <div style="background-image: url('https://cdn.spesati.com/images/products/missing-image/missing-image.jpg')">
            <div class="hover"></div>
            
            <div class="stickers"></div>
        </div>
    </a>
    <div>
        <h4><a href="https://www.spesati.com/insettic-spira-microtech-400ml"><b>Insettic Spira Microtech 400ml</b></a></h4>
        <p class="description">0.4 Lt</p>
        <p class="right price"><b>4.99 €</b></p>
        <p class="right unitPrice">12.48 € per litre</p>
    </div>
    <div class="contButton">
    <a class="button bgRed white addToCart" href="#">Add</a>
</div>
</div><div class="left product prod41"
        data-name="Spira 45 Notti Biuso"
        data-price="4.99"
        data-id="30163"
        data-available="yes"
        data-category="2865"
        data-bestselling="">
    <a href="https://www.spesati.com/spira-45-notti-biuso">
        <div style="background-image: url('https://cdn.spesati.com/images/products/missing-image/missing-image.jpg')">
            <div class="hover"></div>
            
            <div class="stickers"></div>
        </div>
    </a>
    <div>
        <h4><a href="https://www.spesati.com/spira-45-notti-biuso"><b>Spira 45 Notti Biuso</b></a></h4>
        <p class="description">1 piece</p>
        <p class="right price"><b>4.99 €</b></p>
        <p class="right unitPrice">4.99 € per piece</p>
    </div>
    <div class="contButton">
    <a class="button bgRed white addToCart" href="#">Add</a>
</div>
</div><div class="left product prod42"
        data-name="Spira 45 Notti Ricarica"
        data-price="2.99"
        data-id="30164"
        data-available="yes"
        data-category="2865"
        data-bestselling="">
    <a href="https://www.spesati.com/spira-45-notti-ricarica">
        <div style="background-image: url('https://cdn.spesati.com/images/products/missing-image/missing-image.jpg')">
            <div class="hover"></div>
            
            <div class="stickers"></div>
        </div>
    </a>
    <div>
        <h4><a href="https://www.spesati.com/spira-45-notti-ricarica"><b>Spira 45 Notti Ricarica</b></a></h4>
        <p class="description">1 piece</p>
        <p class="right price"><b>2.99 €</b></p>
        <p class="right unitPrice">2.99 € per piece</p>
    </div>
    <div class="contButton">
    <a class="button bgRed white addToCart" href="#">Add</a>
</div>
</div><div class="left product prod43"
        data-name="Spira Elettroemanat C-10 Piast"
        data-price="3.49"
        data-id="30165"
        data-available="yes"
        data-category="2865"
        data-bestselling="">
    <a href="https://www.spesati.com/spira-elettroemanat-c-10-piast">
        <div style="background-image: url('https://cdn.spesati.com/images/products/missing-image/missing-image.jpg')">
            <div class="hover"></div>
            
            <div class="stickers"></div>
        </div>
    </a>
    <div>
        <h4><a href="https://www.spesati.com/spira-elettroemanat-c-10-piast"><b>Spira Elettroemanat C-10 Piast</b></a></h4>
        <p class="description">1 piece</p>
        <p class="right price"><b>3.49 €</b></p>
        <p class="right unitPrice">3.49 € per piece</p>
    </div>
    <div class="contButton">
    <a class="button bgRed white addToCart" href="#">Add</a>
</div>
</div><div class="left product prod44"
        data-name="Coccio Vulcano + 10 Spirali"
        data-price="5.99"
        data-id="30167"
        data-available="yes"
        data-category="2865"
        data-bestselling="">
    <a href="https://www.spesati.com/coccio-vulcano-10-spirali">
        <div style="background-image: url('https://cdn.spesati.com/images/products/missing-image/missing-image.jpg')">
            <div class="hover"></div>
            
            <div class="stickers"></div>
        </div>
    </a>
    <div>
        <h4><a href="https://www.spesati.com/coccio-vulcano-10-spirali"><b>Coccio Vulcano + 10 Spirali</b></a></h4>
        <p class="description">1 piece</p>
        <p class="right price"><b>5.99 €</b></p>
        <p class="right unitPrice">5.99 € per piece</p>
    </div>
    <div class="contButton">
    <a class="button bgRed white addToCart" href="#">Add</a>
</div>
</div><div class="left product prod45"
        data-name="Spiralette Spira Vulcano"
        data-price="1.39"
        data-id="30168"
        data-available="yes"
        data-category="2865"
        data-bestselling="">
    <a href="https://www.spesati.com/spiralette-spira-vulcano">
        <div style="background-image: url('https://cdn.spesati.com/images/products/missing-image/missing-image.jpg')">
            <div class="hover"></div>
            
            <div class="stickers"></div>
        </div>
    </a>
    <div>
        <h4><a href="https://www.spesati.com/spiralette-spira-vulcano"><b>Spiralette Spira Vulcano</b></a></h4>
        <p class="description">1 piece</p>
        <p class="right price"><b>1.39 €</b></p>
        <p class="right unitPrice">1.39 € per piece</p>
    </div>
    <div class="contButton">
    <a class="button bgRed white addToCart" href="#">Add</a>
</div>
</div><div class="left product prod46"
        data-name="Vaso Citronel Terrac Delos 16c"
        data-price="3.69"
        data-id="30416"
        data-available="yes"
        data-category="2865"
        data-bestselling="">
    <a href="https://www.spesati.com/vaso-citronel-terrac-delos-16c">
        <div style="background-image: url('https://cdn.spesati.com/images/products/missing-image/missing-image.jpg')">
            <div class="hover"></div>
            
            <div class="stickers"></div>
        </div>
    </a>
    <div>
        <h4><a href="https://www.spesati.com/vaso-citronel-terrac-delos-16c"><b>Vaso Citronel Terrac Delos 16c</b></a></h4>
        <p class="description">1 piece</p>
        <p class="right price"><b>3.69 €</b></p>
        <p class="right unitPrice">3.70 € per piece</p>
    </div>
    <div class="contButton">
    <a class="button bgRed white addToCart" href="#">Add</a>
</div>
</div><div class="left product prod47"
        data-name="Ricar Citronel Partylight 16cm"
        data-price="2.59"
        data-id="30417"
        data-available="yes"
        data-category="2865"
        data-bestselling="">
    <a href="https://www.spesati.com/ricar-citronel-partylight-16cm">
        <div style="background-image: url('https://cdn.spesati.com/images/products/missing-image/missing-image.jpg')">
            <div class="hover"></div>
            
            <div class="stickers"></div>
        </div>
    </a>
    <div>
        <h4><a href="https://www.spesati.com/ricar-citronel-partylight-16cm"><b>Ricar Citronel Partylight 16cm</b></a></h4>
        <p class="description">1 piece</p>
        <p class="right price"><b>2.59 €</b></p>
        <p class="right unitPrice">2.59 € per piece</p>
    </div>
    <div class="contButton">
    <a class="button bgRed white addToCart" href="#">Add</a>
</div>
</div><div class="left product prod48"
        data-name="Maxi Lattina Citronella Siros"
        data-price="2.39"
        data-id="30419"
        data-available="yes"
        data-category="2865"
        data-bestselling="">
    <a href="https://www.spesati.com/maxi-lattina-citronella-siros">
        <div style="background-image: url('https://cdn.spesati.com/images/products/missing-image/missing-image.jpg')">
            <div class="hover"></div>
            
            <div class="stickers"></div>
        </div>
    </a>
    <div>
        <h4><a href="https://www.spesati.com/maxi-lattina-citronella-siros"><b>Maxi Lattina Citronella Siros</b></a></h4>
        <p class="description">1 piece</p>
        <p class="right price"><b>2.39 €</b></p>
        <p class="right unitPrice">2.39 € per piece</p>
    </div>
    <div class="contButton">
    <a class="button bgRed white addToCart" href="#">Add</a>
</div>
</div><div class="left product prod49"
        data-name="Bicchiere Citronella Formenter"
        data-price="2.89"
        data-id="30420"
        data-available="yes"
        data-category="2865"
        data-bestselling="">
    <a href="https://www.spesati.com/bicchiere-citronella-formenter">
        <div style="background-image: url('https://cdn.spesati.com/images/products/missing-image/missing-image.jpg')">
            <div class="hover"></div>
            
            <div class="stickers"></div>
        </div>
    </a>
    <div>
        <h4><a href="https://www.spesati.com/bicchiere-citronella-formenter"><b>Bicchiere Citronella Formenter</b></a></h4>
        <p class="description">1 piece</p>
        <p class="right price"><b>2.89 €</b></p>
        <p class="right unitPrice">2.89 € per piece</p>
    </div>
    <div class="contButton">
    <a class="button bgRed white addToCart" href="#">Add</a>
</div>
</div><div class="left product prod50"
        data-name="Olio Citronella 1lt"
        data-price="6.29"
        data-id="32456"
        data-available="yes"
        data-category="2865"
        data-bestselling="">
    <a href="https://www.spesati.com/olio-citronella-1lt">
        <div style="background-image: url('https://cdn.spesati.com/images/products/missing-image/missing-image.jpg')">
            <div class="hover"></div>
            
            <div class="stickers"></div>
        </div>
    </a>
    <div>
        <h4><a href="https://www.spesati.com/olio-citronella-1lt"><b>Olio Citronella 1lt</b></a></h4>
        <p class="description">1 piece</p>
        <p class="right price"><b>6.29 €</b></p>
        <p class="right unitPrice">6.30 € per piece</p>
    </div>
    <div class="contButton">
    <a class="button bgRed white addToCart" href="#">Add</a>
</div>
</div><div class="left product prod51"
        data-name="Stoppini X Torcia Bamboo 10pz"
        data-price="2.29"
        data-id="32457"
        data-available="yes"
        data-category="2865"
        data-bestselling="">
    <a href="https://www.spesati.com/stoppini-x-torcia-bamboo-10pz">
        <div style="background-image: url('https://cdn.spesati.com/images/products/missing-image/missing-image.jpg')">
            <div class="hover"></div>
            
            <div class="stickers"></div>
        </div>
    </a>
    <div>
        <h4><a href="https://www.spesati.com/stoppini-x-torcia-bamboo-10pz"><b>Stoppini X Torcia Bamboo 10pz</b></a></h4>
        <p class="description">1 piece</p>
        <p class="right price"><b>2.29 €</b></p>
        <p class="right unitPrice">2.29 € per piece</p>
    </div>
    <div class="contButton">
    <a class="button bgRed white addToCart" href="#">Add</a>
</div>
</div><div class="left product prod52"
        data-name="Baygon Scar-for Ex-prec Sp 400"
        data-price="10.42"
        data-id="34722"
        data-available="no"
        data-category="2865"
        data-bestselling="">
    <a href="https://www.spesati.com/baygon-scar-for-ex-prec-sp-400">
        <div style="background-image: url('https://cdn.spesati.com/images/products/000618069/baygon-spray-scarafaggi-e-formiche-extra-precision-400-ml-01.png')">
            <div class="hover"></div>
            
            <div class="stickers"></div>
        </div>
    </a>
    <div>
        <h4><a href="https://www.spesati.com/baygon-scar-for-ex-prec-sp-400"><b>Baygon Scar-for Ex-prec Sp 400</b></a></h4>
        <p class="description">Baygon Spray Scarafaggi e Formiche eXtra precision 400 ml</p>
        <p class="right price"><b>10.42 €</b></p>
        <p class="right unitPrice">26.06 € per litre</p>
    </div>
    <div class="notAvailable">
    <a class="button bgDarkGrey white" href="https://www.spesati.com/baygon-scar-for-ex-prec-sp-400">Not available</a>
</div>
</div><div class="left product prod53"
        data-name="Raid Liquido Base Protez Piu"
        data-price="5.95"
        data-id="59823"
        data-available="no"
        data-category="2865"
        data-bestselling="">
    <a href="https://www.spesati.com/raid-liquido-base-protez-piu">
        <div style="background-image: url('https://cdn.spesati.com/images/products/000434172/raid-liquido-elettrico-protezione-base-e-ricarica-60-notti-inodore-01.png')">
            <div class="hover"></div>
            
            <div class="stickers"></div>
        </div>
    </a>
    <div>
        <h4><a href="https://www.spesati.com/raid-liquido-base-protez-piu"><b>Raid Liquido Base Protez Piu</b></a></h4>
        <p class="description">Raid Liquido Elettrico Protezione+ Base e Ricarica, 60 Notti, Inodore</p>
        <p class="right price"><b>5.95 €</b></p>
        <p class="right unitPrice">5.95 € per piece</p>
    </div>
    <div class="notAvailable">
    <a class="button bgDarkGrey white" href="https://www.spesati.com/raid-liquido-base-protez-piu">Not available</a>
</div>
</div><div class="left product prod54"
        data-name="Colla Zigzag Cattura Topi 135g"
        data-price="2.39"
        data-id="32307"
        data-available="no"
        data-category="2865"
        data-bestselling="">
    <a href="https://www.spesati.com/colla-zigzag-cattura-topi-135g">
        <div style="background-image: url('https://cdn.spesati.com/images/products/000314403/zig-zag-ratt-colla-cattura-topi-ratti-ed-insetti-striscianti-135-g-01.png')">
            <div class="hover"></div>
            
            <div class="stickers"></div>
        </div>
    </a>
    <div>
        <h4><a href="https://www.spesati.com/colla-zigzag-cattura-topi-135g"><b>Colla Zigzag Cattura Topi 135g</b></a></h4>
        <p class="description">Zig Zag Ratt Colla Cattura Topi Ratti ed Insetti Striscianti 135 g</p>
        <p class="right price"><b>2.39 €</b></p>
        <p class="right unitPrice">2.39 € per piece</p>
    </div>
    <div class="notAvailable">
    <a class="button bgDarkGrey white" href="https://www.spesati.com/colla-zigzag-cattura-topi-135g">Not available</a>
</div>
</div><div class="left product prod55"
        data-name="Raid Liquido Ricar Eucalipto"
        data-price="4.50"
        data-id="31593"
        data-available="no"
        data-category="2865"
        data-bestselling="">
    <a href="https://www.spesati.com/raid-liquido-ricar-eucalipto">
        <div style="background-image: url('https://cdn.spesati.com/images/products/000312026/raid-liquido-zanzare-tigre-e-comuni-con-aroma-di-olio-di-eucalipto-1-ricarica-21-ml-01.png')">
            <div class="hover"></div>
            
            <div class="stickers"></div>
        </div>
    </a>
    <div>
        <h4><a href="https://www.spesati.com/raid-liquido-ricar-eucalipto"><b>Raid Liquido Ricar Eucalipto</b></a></h4>
        <p class="description">Raid Liquido Zanzare tigre e comuni con aroma di olio di Eucalipto 1 Ricarica 21 ml</p>
        <p class="right price"><b>4.50 €</b></p>
        <p class="right unitPrice">4.50 € per piece</p>
    </div>
    <div class="notAvailable">
    <a class="button bgDarkGrey white" href="https://www.spesati.com/raid-liquido-ricar-eucalipto">Not available</a>
</div>
</div><div class="left product prod56"
        data-name="Raid Liquido Base Eucalipto"
        data-price="5.35"
        data-id="31592"
        data-available="no"
        data-category="2865"
        data-bestselling="">
    <a href="https://www.spesati.com/raid-liquido-base-eucalipto">
        <div style="background-image: url('https://cdn.spesati.com/images/products/000312025/raid-liquido-zanzare-tigre-e-comuni-con-aroma-di-olio-di-eucalipto-1-diffusore-1-ricarica-21-ml-01.png')">
            <div class="hover"></div>
            
            <div class="stickers"></div>
        </div>
    </a>
    <div>
        <h4><a href="https://www.spesati.com/raid-liquido-base-eucalipto"><b>Raid Liquido Base Eucalipto</b></a></h4>
        <p class="description">Raid Liquido Zanzare tigre e comuni con aroma di olio di Eucalipto 1 Diffusore + 1 Ricarica 21 ml</p>
        <p class="right price"><b>5.35 €</b></p>
        <p class="right unitPrice">5.36 € per piece</p>
    </div>
    <div class="notAvailable">
    <a class="button bgDarkGrey white" href="https://www.spesati.com/raid-liquido-base-eucalipto">Not available</a>
</div>
</div><div class="left product prod57"
        data-name="Raid Scaraf Formiche Max Eucal"
        data-price="7.53"
        data-id="31591"
        data-available="no"
        data-category="2865"
        data-bestselling="">
    <a href="https://www.spesati.com/raid-scaraf-formiche-max-eucal">
        <div style="background-image: url('https://cdn.spesati.com/images/products/000312024/raid-max-scarafaggi-e-formiche-3-in-1-con-aroma-di-olio-di-eucalipto-400-ml-01.png')">
            <div class="hover"></div>
            
            <div class="stickers"></div>
        </div>
    </a>
    <div>
        <h4><a href="https://www.spesati.com/raid-scaraf-formiche-max-eucal"><b>Raid Scaraf Formiche Max Eucal</b></a></h4>
        <p class="description">Raid Max Scarafaggi e Formiche 3 in 1 con aroma di olio di Eucalipto 400 ml</p>
        <p class="right price"><b>7.53 €</b></p>
        <p class="right unitPrice">18.82 € per litre</p>
    </div>
    <div class="notAvailable">
    <a class="button bgDarkGrey white" href="https://www.spesati.com/raid-scaraf-formiche-max-eucal">Not available</a>
</div>
</div><div class="left product prod58"
        data-name="Raid Mosche Zanzare Spray Eucalipto 400 Ml"
        data-price="5.79"
        data-id="4525"
        data-available="no"
        data-category="2865"
        data-bestselling="">
    <a href="https://www.spesati.com/raid-mosche-zanzare-spray-eucalipto-400-ml">
        <div style="background-image: url('https://cdn.spesati.com/images/products/000312023/raid-mosche-e-zanzare-plus-con-aroma-di-olio-di-eucalipto-400-ml-01.png')">
            <div class="hover"></div>
            
            <div class="stickers"></div>
        </div>
    </a>
    <div>
        <h4><a href="https://www.spesati.com/raid-mosche-zanzare-spray-eucalipto-400-ml"><b>Raid Mosche Zanzare Spray Eucalipto 400 Ml</b></a></h4>
        <p class="description">Raid Mosche e Zanzare Plus con aroma di olio di Eucalipto 400 ml</p>
        <p class="right price"><b>5.79 €</b></p>
        <p class="right unitPrice">14.48 € per litre</p>
    </div>
    <div class="notAvailable">
    <a class="button bgDarkGrey white" href="https://www.spesati.com/raid-mosche-zanzare-spray-eucalipto-400-ml">Not available</a>
</div>
</div><div class="left product prod59"
        data-name="Vape Vespe Spray 400ml"
        data-price="8.68"
        data-id="30430"
        data-available="no"
        data-category="2865"
        data-bestselling="">
    <a href="https://www.spesati.com/vape-vespe-spray-400ml">
        <div style="background-image: url('https://cdn.spesati.com/images/products/000307689/vape-vespe-400-ml-01.png')">
            <div class="hover"></div>
            
            <div class="stickers"></div>
        </div>
    </a>
    <div>
        <h4><a href="https://www.spesati.com/vape-vespe-spray-400ml"><b>Vape Vespe Spray 400ml</b></a></h4>
        <p class="description">VAPE Vespe 400 ml</p>
        <p class="right price"><b>8.68 €</b></p>
        <p class="right unitPrice">21.70 € per litre</p>
    </div>
    <div class="notAvailable">
    <a class="button bgDarkGrey white" href="https://www.spesati.com/vape-vespe-spray-400ml">Not available</a>
</div>
</div><div class="left product prod60"
        data-name="Vape Super Ko2 Mosche-zanz 400"
        data-price="3.37"
        data-id="30428"
        data-available="no"
        data-category="2865"
        data-bestselling="">
    <a href="https://www.spesati.com/vape-super-ko2-mosche-zanz-400">
        <div style="background-image: url('https://cdn.spesati.com/images/products/000307686/vape-mosche-e-zanzare-400-ml-01.png')">
            <div class="hover"></div>
            
            <div class="stickers"></div>
        </div>
    </a>
    <div>
        <h4><a href="https://www.spesati.com/vape-super-ko2-mosche-zanz-400"><b>Vape Super Ko2 Mosche-zanz 400</b></a></h4>
        <p class="description">VAPE Mosche e Zanzare 400 ml</p>
        <p class="right price"><b>3.37 €</b></p>
        <p class="right unitPrice">8.44 € per litre</p>
    </div>
    <div class="notAvailable">
    <a class="button bgDarkGrey white" href="https://www.spesati.com/vape-super-ko2-mosche-zanz-400">Not available</a>
</div>
</div><div class="left product prod61"
        data-name="Vape Zanzare Piastrine X30"
        data-price="3.49"
        data-id="22756"
        data-available="no"
        data-category="2865"
        data-bestselling="">
    <a href="https://www.spesati.com/vape-zanzare-piastrine-x30">
        <div style="background-image: url('https://cdn.spesati.com/images/products/000307683/vape-piastrine-classic-30-pz-01.png')">
            <div class="hover"></div>
            
            <div class="stickers"></div>
        </div>
    </a>
    <div>
        <h4><a href="https://www.spesati.com/vape-zanzare-piastrine-x30"><b>Vape Zanzare Piastrine X30</b></a></h4>
        <p class="description">VAPE Piastrine Classic 30 pz</p>
        <p class="right price"><b>3.49 €</b></p>
        <p class="right unitPrice">3.49 € per piece</p>
    </div>
    <div class="notAvailable">
    <a class="button bgDarkGrey white" href="https://www.spesati.com/vape-zanzare-piastrine-x30">Not available</a>
</div>
</div><div class="left product prod62"
        data-name="Vape Ricarica Liquida Class"
        data-price="5.61"
        data-id="30427"
        data-available="no"
        data-category="2865"
        data-bestselling="">
    <a href="https://www.spesati.com/vape-ricarica-liquida-class">
        <div style="background-image: url('https://cdn.spesati.com/images/products/000307673/vape-liquido-classic-ricarica-36-ml-01.png')">
            <div class="hover"></div>
            
            <div class="stickers"></div>
        </div>
    </a>
    <div>
        <h4><a href="https://www.spesati.com/vape-ricarica-liquida-class"><b>Vape Ricarica Liquida Class</b></a></h4>
        <p class="description">VAPE Liquido Classic Ricarica 36 ml</p>
        <p class="right price"><b>5.61 €</b></p>
        <p class="right unitPrice">155.81 € per litre</p>
    </div>
    <div class="notAvailable">
    <a class="button bgDarkGrey white" href="https://www.spesati.com/vape-ricarica-liquida-class">Not available</a>
</div>
</div><div class="left product prod63"
        data-name="Vape Elettroem Liq Spina C-ric"
        data-price="6.34"
        data-id="30426"
        data-available="no"
        data-category="2865"
        data-bestselling="">
    <a href="https://www.spesati.com/vape-elettroem-liq-spina-c-ric">
        <div style="background-image: url('https://cdn.spesati.com/images/products/000307671/vape-elettroemanatore-liquido-classic-ricarica-36-ml-01.png')">
            <div class="hover"></div>
            
            <div class="stickers"></div>
        </div>
    </a>
    <div>
        <h4><a href="https://www.spesati.com/vape-elettroem-liq-spina-c-ric"><b>Vape Elettroem Liq Spina C-ric</b></a></h4>
        <p class="description">VAPE Elettroemanatore Liquido Classic + Ricarica 36 ml</p>
        <p class="right price"><b>6.34 €</b></p>
        <p class="right unitPrice">6.34 € per piece</p>
    </div>
    <div class="notAvailable">
    <a class="button bgDarkGrey white" href="https://www.spesati.com/vape-elettroem-liq-spina-c-ric">Not available</a>
</div>
</div><div class="left product prod64"
        data-name="Vape Derm & Dress 150ml"
        data-price="6.54"
        data-id="30424"
        data-available="no"
        data-category="2865"
        data-bestselling="">
    <a href="https://www.spesati.com/vape-derm-dress-150ml">
        <div style="background-image: url('https://cdn.spesati.com/images/products/000307647/vape-derm--dress-classic-fragrance-spray-asciutto-antipuntura-150-ml-01.png')">
            <div class="hover"></div>
            
            <div class="stickers"></div>
        </div>
    </a>
    <div>
        <h4><a href="https://www.spesati.com/vape-derm-dress-150ml"><b>Vape Derm & Dress 150ml</b></a></h4>
        <p class="description">Vape Derm & Dress Classic Fragrance Spray Asciutto Antipuntura 150 ml</p>
        <p class="right price"><b>6.54 €</b></p>
        <p class="right unitPrice">43.60 € per litre</p>
    </div>
    <div class="notAvailable">
    <a class="button bgDarkGrey white" href="https://www.spesati.com/vape-derm-dress-150ml">Not available</a>
</div>
</div><div class="left product prod65"
        data-name="Vape Derm Herbal Loz Antipuntu"
        data-price="6.52"
        data-id="30421"
        data-available="no"
        data-category="2865"
        data-bestselling="">
    <a href="https://www.spesati.com/vape-derm-herbal-loz-antipuntu">
        <div style="background-image: url('https://cdn.spesati.com/images/products/000307637/vape-derm-herbal-lozione-antipuntura-100-ml-01.png')">
            <div class="hover"></div>
            
            <div class="stickers"></div>
        </div>
    </a>
    <div>
        <h4><a href="https://www.spesati.com/vape-derm-herbal-loz-antipuntu"><b>Vape Derm Herbal Loz Antipuntu</b></a></h4>
        <p class="description">VAPE Derm Herbal Lozione Antipuntura 100 ml</p>
        <p class="right price"><b>6.52 €</b></p>
        <p class="right unitPrice">65.21 € per litre</p>
    </div>
    <div class="notAvailable">
    <a class="button bgDarkGrey white" href="https://www.spesati.com/vape-derm-herbal-loz-antipuntu">Not available</a>
</div>
</div><div class="left product prod66"
        data-name="Raid Night&day Trio Base"
        data-price="8.62"
        data-id="30178"
        data-available="no"
        data-category="2865"
        data-bestselling="">
    <a href="https://www.spesati.com/raid-nightday-trio-base">
        <div style="background-image: url('https://cdn.spesati.com/images/products/000306472/raid-night--day-trio-zanzare--zanzare-tigre--mosche-1-diffusore--1-ricarica-01.png')">
            <div class="hover"></div>
            
            <div class="stickers"></div>
        </div>
    </a>
    <div>
        <h4><a href="https://www.spesati.com/raid-nightday-trio-base"><b>Raid Night&day Trio Base</b></a></h4>
        <p class="description">Raid Night & Day Trio Zanzare, Zanzare Tigre, Mosche 1 Diffusore + 1 Ricarica</p>
        <p class="right price"><b>8.62 €</b></p>
        <p class="right unitPrice">8.61 € per piece</p>
    </div>
    <div class="notAvailable">
    <a class="button bgDarkGrey white" href="https://www.spesati.com/raid-nightday-trio-base">Not available</a>
</div>
</div><div class="left product prod67"
        data-name="Raid Spirali Antizanzare 10PZ"
        data-price="1.89"
        data-id="4229"
        data-available="no"
        data-category="2865"
        data-bestselling="">
    <a href="https://www.spesati.com/raid-spirali-antizanzare-10pz">
        <div style="background-image: url('https://cdn.spesati.com/images/products/000306442/raid-outdoor-spirali-spirale-antizanzare-10-x-115-g-01.png')">
            <div class="hover"></div>
            
            <div class="stickers"></div>
        </div>
    </a>
    <div>
        <h4><a href="https://www.spesati.com/raid-spirali-antizanzare-10pz"><b>Raid Spirali Antizanzare 10PZ</b></a></h4>
        <p class="description">Raid Outdoor spirali spirale antizanzare 10 x 11,5 g</p>
        <p class="right price"><b>1.89 €</b></p>
        <p class="right unitPrice">1.89 € per piece</p>
    </div>
    <div class="notAvailable">
    <a class="button bgDarkGrey white" href="https://www.spesati.com/raid-spirali-antizanzare-10pz">Not available</a>
</div>
</div><div class="left product prod68"
        data-name="Raid Liquido 30 Notti Ricarica"
        data-price="4.29"
        data-id="1249"
        data-available="no"
        data-category="2865"
        data-bestselling="">
    <a href="https://www.spesati.com/raid-liquido-30-notti-ricarica">
        <div style="background-image: url('https://cdn.spesati.com/images/products/000306413/raid-liquido-elettrico-ricarica-30-notti-inodore-21-ml-01.png')">
            <div class="hover"></div>
            
            <div class="stickers"></div>
        </div>
    </a>
    <div>
        <h4><a href="https://www.spesati.com/raid-liquido-30-notti-ricarica"><b>Raid Liquido 30 Notti Ricarica</b></a></h4>
        <p class="description">Raid Liquido Elettrico Ricarica, 30 Notti, Inodore, 21 ml</p>
        <p class="right price"><b>4.29 €</b></p>
        <p class="right unitPrice">4.29 € per piece</p>
    </div>
    <div class="notAvailable">
    <a class="button bgDarkGrey white" href="https://www.spesati.com/raid-liquido-30-notti-ricarica">Not available</a>
</div>
</div><div class="left product prod69"
        data-name="Autan Tropical Vapo"
        data-price="8.59"
        data-id="163"
        data-available="no"
        data-category="2865"
        data-bestselling="">
    <a href="https://www.spesati.com/autan-tropical-vapo">
        <div style="background-image: url('https://cdn.spesati.com/images/products/000306387/autan-tropical-vapo-insetto-repellente-e-antizanzare-comuni-e-tropicali-100ml-01.png')">
            <div class="hover"></div>
            
            <div class="stickers"></div>
        </div>
    </a>
    <div>
        <h4><a href="https://www.spesati.com/autan-tropical-vapo"><b>Autan Tropical Vapo</b></a></h4>
        <p class="description">Autan Tropical Vapo Insetto Repellente e Antizanzare Comuni e Tropicali, 100ml</p>
        <p class="right price"><b>8.59 €</b></p>
        <p class="right unitPrice">85.90 € per litre</p>
    </div>
    <div class="notAvailable">
    <a class="button bgDarkGrey white" href="https://www.spesati.com/autan-tropical-vapo">Not available</a>
</div>
</div><div class="left product prod70"
        data-name="Autan Tropical Spray Secco 100"
        data-price="11.51"
        data-id="30155"
        data-available="no"
        data-category="2865"
        data-bestselling="">
    <a href="https://www.spesati.com/autan-tropical-spray-secco-100">
        <div style="background-image: url('https://cdn.spesati.com/images/products/000306386/autan-tropical-spray-secco-insetto-repellente-e-antizanzare-tigre-comuni-e-tropicali-100ml-01.png')">
            <div class="hover"></div>
            
            <div class="stickers"></div>
        </div>
    </a>
    <div>
        <h4><a href="https://www.spesati.com/autan-tropical-spray-secco-100"><b>Autan Tropical Spray Secco 100</b></a></h4>
        <p class="description">Autan Tropical Spray Secco Insetto Repellente e Antizanzare Tigre, Comuni e Tropicali, 100ml</p>
        <p class="right price"><b>11.51 €</b></p>
        <p class="right unitPrice">115.09 € per litre</p>
    </div>
    <div class="notAvailable">
    <a class="button bgDarkGrey white" href="https://www.spesati.com/autan-tropical-spray-secco-100">Not available</a>
</div>
</div><div class="left product prod71"
        data-name="Autan Family Spray"
        data-price="6.99"
        data-id="1239"
        data-available="no"
        data-category="2865"
        data-bestselling="">
    <a href="https://www.spesati.com/autan-family-spray">
        <div style="background-image: url('https://cdn.spesati.com/images/products/000306384/autan-family-care-spray-secco-insetto-repellente-e-antizanzare-100ml-01.png')">
            <div class="hover"></div>
            
            <div class="stickers"></div>
        </div>
    </a>
    <div>
        <h4><a href="https://www.spesati.com/autan-family-spray"><b>Autan Family Spray</b></a></h4>
        <p class="description">Autan Family Care Spray Secco Insetto Repellente e Antizanzare, 100ml</p>
        <p class="right price"><b>6.99 €</b></p>
        <p class="right unitPrice">69.91 € per litre</p>
    </div>
    <div class="notAvailable">
    <a class="button bgDarkGrey white" href="https://www.spesati.com/autan-family-spray">Not available</a>
</div>
</div><div class="left product prod72"
        data-name="Autan Tropical Spray 100ml"
        data-price="8.59"
        data-id="30154"
        data-available="no"
        data-category="2865"
        data-bestselling="">
    <a href="https://www.spesati.com/autan-tropical-spray-100ml">
        <div style="background-image: url('https://cdn.spesati.com/images/products/000306383/autan-tropical-spray-insetto-repellente-e-antizanzare-tigre-comuni-e-tropicali-100ml-01.png')">
            <div class="hover"></div>
            
            <div class="stickers"></div>
        </div>
    </a>
    <div>
        <h4><a href="https://www.spesati.com/autan-tropical-spray-100ml"><b>Autan Tropical Spray 100ml</b></a></h4>
        <p class="description">Autan Tropical Spray Insetto Repellente e Antizanzare Tigre, Comuni e Tropicali, 100ml</p>
        <p class="right price"><b>8.59 €</b></p>
        <p class="right unitPrice">85.90 € per litre</p>
    </div>
    <div class="notAvailable">
    <a class="button bgDarkGrey white" href="https://www.spesati.com/autan-tropical-spray-100ml">Not available</a>
</div>
</div><div class="left product prod73"
        data-name="Autan Family Junior Care Vapo"
        data-price="8.71"
        data-id="30153"
        data-available="no"
        data-category="2865"
        data-bestselling="">
    <a href="https://www.spesati.com/autan-family-junior-care-vapo">
        <div style="background-image: url('https://cdn.spesati.com/images/products/000306381/autan-junior-vapo-per-bambini-oltre-2-anni-insetto-repellente-e-antizanzare-tigre-e-comuni100ml-01.png')">
            <div class="hover"></div>
            
            <div class="stickers"></div>
        </div>
    </a>
    <div>
        <h4><a href="https://www.spesati.com/autan-family-junior-care-vapo"><b>Autan Family Junior Care Vapo</b></a></h4>
        <p class="description">Autan Junior Vapo per Bambini Oltre 2 Anni Insetto Repellente e Antizanzare Tigre e Comuni,100ml</p>
        <p class="right price"><b>8.71 €</b></p>
        <p class="right unitPrice">87.10 € per litre</p>
    </div>
    <div class="notAvailable">
    <a class="button bgDarkGrey white" href="https://www.spesati.com/autan-family-junior-care-vapo">Not available</a>
</div>
</div><div class="left product prod74"
        data-name="Autan Antitarme Alimentare 2pz"
        data-price="6.29"
        data-id="30130"
        data-available="no"
        data-category="2865"
        data-bestselling="">
    <a href="https://www.spesati.com/autan-antitarme-alimentare-2pz">
        <div style="background-image: url('https://cdn.spesati.com/images/products/000306272/autan-antitarme-alimentari-confezione-da-2-unita-01.png')">
            <div class="hover"></div>
            
            <div class="stickers"></div>
        </div>
    </a>
    <div>
        <h4><a href="https://www.spesati.com/autan-antitarme-alimentare-2pz"><b>Autan Antitarme Alimentare 2pz</b></a></h4>
        <p class="description">Autan Antitarme Alimentari, Confezione da 2 unità</p>
        <p class="right price"><b>6.29 €</b></p>
        <p class="right unitPrice">6.30 € per piece</p>
    </div>
    <div class="notAvailable">
    <a class="button bgDarkGrey white" href="https://www.spesati.com/autan-antitarme-alimentare-2pz">Not available</a>
</div>
</div><div class="left product prod75"
        data-name="Autan Family Care Vapo 100 Ml"
        data-price="6.99"
        data-id="30124"
        data-available="no"
        data-category="2865"
        data-bestselling="">
    <a href="https://www.spesati.com/autan-family-care-vapo-100-ml">
        <div style="background-image: url('https://cdn.spesati.com/images/products/000306217/autan-family-care-vapo-insetto-repellente-e-antizanzare-100ml-01.png')">
            <div class="hover"></div>
            
            <div class="stickers"></div>
        </div>
    </a>
    <div>
        <h4><a href="https://www.spesati.com/autan-family-care-vapo-100-ml"><b>Autan Family Care Vapo 100 Ml</b></a></h4>
        <p class="description">Autan Family Care Vapo Insetto Repellente e Antizanzare, 100ml</p>
        <p class="right price"><b>6.99 €</b></p>
        <p class="right unitPrice">69.91 € per litre</p>
    </div>
    <div class="notAvailable">
    <a class="button bgDarkGrey white" href="https://www.spesati.com/autan-family-care-vapo-100-ml">Not available</a>
</div>
</div><div class="left product prod76"
        data-name="Insett Zig Zag Deo Bouquet Ros"
        data-price="4.92"
        data-id="30009"
        data-available="no"
        data-category="2865"
        data-bestselling="">
    <a href="https://www.spesati.com/insett-zig-zag-deo-bouquet-ros">
        <div style="background-image: url('https://cdn.spesati.com/images/products/000305728/zig-zag-insetticida-multiplus-volanti-profumato-bouquet-di-rose-500-ml-01.png')">
            <div class="hover"></div>
            
            <div class="stickers"></div>
        </div>
    </a>
    <div>
        <h4><a href="https://www.spesati.com/insett-zig-zag-deo-bouquet-ros"><b>Insett Zig Zag Deo Bouquet Ros</b></a></h4>
        <p class="description">Zig Zag Insetticida Multiplus Volanti Profumato Bouquet di Rose 500 ml</p>
        <p class="right price"><b>4.92 €</b></p>
        <p class="right unitPrice">9.85 € per litre</p>
    </div>
    <div class="notAvailable">
    <a class="button bgDarkGrey white" href="https://www.spesati.com/insett-zig-zag-deo-bouquet-ros">Not available</a>
</div>
</div><div class="left product prod77"
        data-name="Insett Zig Zag Spazio Temp 500"
        data-price="5.50"
        data-id="30008"
        data-available="no"
        data-category="2865"
        data-bestselling="">
    <a href="https://www.spesati.com/insett-zig-zag-spazio-temp-500">
        <div style="background-image: url('https://cdn.spesati.com/images/products/000305727/zig-zag-insetticida-multiplus-volanti-e-striscianti-500-ml-01.png')">
            <div class="hover"></div>
            
            <div class="stickers"></div>
        </div>
    </a>
    <div>
        <h4><a href="https://www.spesati.com/insett-zig-zag-spazio-temp-500"><b>Insett Zig Zag Spazio Temp 500</b></a></h4>
        <p class="description">Zig Zag Insetticida Multiplus Volanti e Striscianti 500 ml</p>
        <p class="right price"><b>5.50 €</b></p>
        <p class="right unitPrice">11.00 € per litre</p>
    </div>
    <div class="notAvailable">
    <a class="button bgDarkGrey white" href="https://www.spesati.com/insett-zig-zag-spazio-temp-500">Not available</a>
</div>
</div><div class="left product prod78"
        data-name="Spirali Vulcano Antizanzar 10p"
        data-price="1.49"
        data-id="83984"
        data-available="no"
        data-category="2865"
        data-bestselling="">
    <a href="https://www.spesati.com/spirali-vulcano-antizanzar-10p">
        <div style="background-image: url('https://cdn.spesati.com/images/products/missing-image/missing-image.jpg')">
            <div class="hover"></div>
            
            <div class="stickers"></div>
        </div>
    </a>
    <div>
        <h4><a href="https://www.spesati.com/spirali-vulcano-antizanzar-10p"><b>Spirali Vulcano Antizanzar 10p</b></a></h4>
        <p class="description">1 piece</p>
        <p class="right price"><b>1.49 €</b></p>
        <p class="right unitPrice">1.49 € per piece</p>
    </div>
    <div class="notAvailable">
    <a class="button bgDarkGrey white" href="https://www.spesati.com/spirali-vulcano-antizanzar-10p">Not available</a>
</div>
</div><div class="left product prod79"
        data-name="Torcia Bamboo 90cm 1"
        data-price="2.39"
        data-id="29931"
        data-available="no"
        data-category="2865"
        data-bestselling="">
    <a href="https://www.spesati.com/torcia-bamboo-90cm-1">
        <div style="background-image: url('https://cdn.spesati.com/images/products/missing-image/missing-image.jpg')">
            <div class="hover"></div>
            
            <div class="stickers"></div>
        </div>
    </a>
    <div>
        <h4><a href="https://www.spesati.com/torcia-bamboo-90cm-1"><b>Torcia Bamboo 90cm 1</b></a></h4>
        <p class="description">1 piece</p>
        <p class="right price"><b>2.39 €</b></p>
        <p class="right unitPrice">2.39 € per piece</p>
    </div>
    <div class="notAvailable">
    <a class="button bgDarkGrey white" href="https://www.spesati.com/torcia-bamboo-90cm-1">Not available</a>
</div>
</div><div class="left product prod80"
        data-name="Baygon Protector Piastr Ricar*"
        data-price="3.68"
        data-id="30123"
        data-available="no"
        data-category="2865"
        data-bestselling="">
    <a href="https://www.spesati.com/baygon-protector-piastr-ricar">
        <div style="background-image: url('https://cdn.spesati.com/images/products/missing-image/missing-image.jpg')">
            <div class="hover"></div>
            
            <div class="stickers"></div>
        </div>
    </a>
    <div>
        <h4><a href="https://www.spesati.com/baygon-protector-piastr-ricar"><b>Baygon Protector Piastr Ricar*</b></a></h4>
        <p class="description">1 piece</p>
        <p class="right price"><b>3.68 €</b></p>
        <p class="right unitPrice">3.68 € per piece</p>
    </div>
    <div class="notAvailable">
    <a class="button bgDarkGrey white" href="https://www.spesati.com/baygon-protector-piastr-ricar">Not available</a>
</div>
</div><div class="left product prod81"
        data-name="Spira Mat 30 Piastrine Assort"
        data-price="1.99"
        data-id="30169"
        data-available="no"
        data-category="2865"
        data-bestselling="">
    <a href="https://www.spesati.com/spira-mat-30-piastrine-assort">
        <div style="background-image: url('https://cdn.spesati.com/images/products/missing-image/missing-image.jpg')">
            <div class="hover"></div>
            
            <div class="stickers"></div>
        </div>
    </a>
    <div>
        <h4><a href="https://www.spesati.com/spira-mat-30-piastrine-assort"><b>Spira Mat 30 Piastrine Assort</b></a></h4>
        <p class="description">1 piece</p>
        <p class="right price"><b>1.99 €</b></p>
        <p class="right unitPrice">1.99 € per piece</p>
    </div>
    <div class="notAvailable">
    <a class="button bgDarkGrey white" href="https://www.spesati.com/spira-mat-30-piastrine-assort">Not available</a>
</div>
</div><div class="left product prod82"
        data-name="Spira Lozione Repellente Nat"
        data-price="3.99"
        data-id="30171"
        data-available="no"
        data-category="2865"
        data-bestselling="">
    <a href="https://www.spesati.com/spira-lozione-repellente-nat">
        <div style="background-image: url('https://cdn.spesati.com/images/products/missing-image/missing-image.jpg')">
            <div class="hover"></div>
            
            <div class="stickers"></div>
        </div>
    </a>
    <div>
        <h4><a href="https://www.spesati.com/spira-lozione-repellente-nat"><b>Spira Lozione Repellente Nat</b></a></h4>
        <p class="description">0.1 Lt</p>
        <p class="right price"><b>3.99 €</b></p>
        <p class="right unitPrice">39.89 € per litre</p>
    </div>
    <div class="notAvailable">
    <a class="button bgDarkGrey white" href="https://www.spesati.com/spira-lozione-repellente-nat">Not available</a>
</div>
</div><div class="left product prod83"
        data-name="Spira Dopo Puntura Roll-on 20m"
        data-price="4.17"
        data-id="30172"
        data-available="no"
        data-category="2865"
        data-bestselling="">
    <a href="https://www.spesati.com/spira-dopo-puntura-roll-on-20m">
        <div style="background-image: url('https://cdn.spesati.com/images/products/missing-image/missing-image.jpg')">
            <div class="hover"></div>
            
            <div class="stickers"></div>
        </div>
    </a>
    <div>
        <h4><a href="https://www.spesati.com/spira-dopo-puntura-roll-on-20m"><b>Spira Dopo Puntura Roll-on 20m</b></a></h4>
        <p class="description">0.02 Lt</p>
        <p class="right price"><b>4.17 €</b></p>
        <p class="right unitPrice">208.62 € per litre</p>
    </div>
    <div class="notAvailable">
    <a class="button bgDarkGrey white" href="https://www.spesati.com/spira-dopo-puntura-roll-on-20m">Not available</a>
</div>
</div><div class="left product prod84"
        data-name="Lumino Papa Francesco P50 Bian"
        data-price="1.74"
        data-id="30292"
        data-available="no"
        data-category="2865"
        data-bestselling="">
    <a href="https://www.spesati.com/lumino-papa-francesco-p50-bian">
        <div style="background-image: url('https://cdn.spesati.com/images/products/missing-image/missing-image.jpg')">
            <div class="hover"></div>
            
            <div class="stickers"></div>
        </div>
    </a>
    <div>
        <h4><a href="https://www.spesati.com/lumino-papa-francesco-p50-bian"><b>Lumino Papa Francesco P50 Bian</b></a></h4>
        <p class="description">1 piece</p>
        <p class="right price"><b>1.74 €</b></p>
        <p class="right unitPrice">1.74 € per piece</p>
    </div>
    <div class="notAvailable">
    <a class="button bgDarkGrey white" href="https://www.spesati.com/lumino-papa-francesco-p50-bian">Not available</a>
</div>
</div><div class="left product prod85"
        data-name="Tealight Citronella Panar 10pz"
        data-price="1.69"
        data-id="30418"
        data-available="no"
        data-category="2865"
        data-bestselling="">
    <a href="https://www.spesati.com/tealight-citronella-panar-10pz">
        <div style="background-image: url('https://cdn.spesati.com/images/products/missing-image/missing-image.jpg')">
            <div class="hover"></div>
            
            <div class="stickers"></div>
        </div>
    </a>
    <div>
        <h4><a href="https://www.spesati.com/tealight-citronella-panar-10pz"><b>Tealight Citronella Panar 10pz</b></a></h4>
        <p class="description">1 piece</p>
        <p class="right price"><b>1.69 €</b></p>
        <p class="right unitPrice">1.70 € per piece</p>
    </div>
    <div class="notAvailable">
    <a class="button bgDarkGrey white" href="https://www.spesati.com/tealight-citronella-panar-10pz">Not available</a>
</div>
</div>        </div>
    </div>
</section>
<div class="footer">
    <div class="bgDarkGrey"></div>
    <footer>
        <div class="left bgDarkGrey">
            <a id="logoFooter" href="https://www.spesati.com/" class="estDynamic">
                <img src="http://cdn.spesati.com/images/layout/logo-eng.png" alt="Spesati.com" />
                <h2 class="red">Grocery Delivery</h2>
            </a>
            <a class="button bgRed white mobile" href="tel:390707968318">Phone order</a>
            <a class="button bgRed white desktop" href="https://www.spesati.com/news/2020-04-07/news-on-spesati-the-telephone-order-service-is-active">Phone order</a>
            <a class="button bgRed white" href="https://www.spesati.com/cdn-cgi/l/email-protection#432a2d252c033033263022372a6d202c2e">Send mail</a>
            <div id="social">
                <a class="left" href="https://www.facebook.com/spesati/" rel="external" target="_blank">
                    <span class="facebook bgRed fa-stack fa-lg">
                        <i class="fa fa-facebook fa-stack-1x "></i>
                    </span>
                </a>
                <a class="right" href="https://twitter.com/spesati" rel="external" target="_blank">
                    <span class="twitter bgRed fa-stack fa-lg">
                        <i class="fa fa-twitter fa-stack-1x "></i>
                    </span>
                </a>
            </div>
            <p>Copyright 2024 Spesati.com </p>
            
                    <p>All rights reserved</p>
                    <p>SPESATI SRL</p>
                    <p>Corso Vittorio Veneto 15/I, 07026, Olbia</p>
                    <p>CF e P.Iva: 02772380909</p>
                        </div>
        <div class="center bgRed">
            <div class="top">
                <h3>Categories</h3>
                <div class="col">
                    <ul>
                        <li>
                            <a href="#" class="estDynamic">On sale</a>
                        </li>
                        <li>
                            <a href="https://www.spesati.com/fruit-and-vegetables" class="estDynamic">Fruit and vegetables</a>
                        </li>
                        <li>
                            <a href="https://www.spesati.com/fresh-products" class="estDynamic">Fresh products</a>
                        </li>
                        <li>
                            <a href="https://www.spesati.com/frozen-foods" class="estDynamic">Frozen foods</a>
                        </li>
                        <li>
                            <a href="https://www.spesati.com/bread-and-pasta" class="estDynamic">Bread and pasta</a>
                        </li>
                        <li>
                            <a href="https://www.spesati.com/meat" class="estDynamic">Meat</a>
                        </li>
                        <li>
                            <a href="https://www.spesati.com/fish" class="estDynamic">Fish</a>
                        </li>
                    </ul>
                </div>
                <div class="col">
                    <ul>
                        <li>
                            <a href="https://www.spesati.com/wine-beer-and-spirits" class="estDynamic">Wine beer and spirits</a>
                        </li>
                        <li>
                            <a href="https://www.spesati.com/water-and-drinks" class="estDynamic">Water and drinks</a>
                        </li>
                        <li>
                            <a href="https://www.spesati.com/sweets" class="estDynamic">Sweets</a>
                        </li>
                        <li>
                            <a href="https://www.spesati.com/shelf" class="estDynamic">Cupboard</a>
                        </li>
                        <li>
                            <a href="https://www.spesati.com/personal-care" class="estDynamic">Personal care</a>
                        </li>
                        <li>
                            <a href="https://www.spesati.com/household-and-outdoors" class="estDynamic">Home and outdoors</a>
                        </li>
                        <li>
                            <a href="https://www.spesati.com/pet" class="estDynamic">Pets</a>
                        </li>
                    </ul>
                </div>
                <div class="col">
                    <ul>
                        <li>
                            <a href="https://www.spesati.com/technology" class="estDynamic">Technology</a>
                        </li>
                        <li>
                            <a href="https://www.spesati.com/gluten-free" class="estDynamic">Gluten free</a>
                        </li>
                        <li>
                            <a href="https://www.spesati.com/lactose-free" class="estDynamic">Lactose free</a>
                        </li>
                        <li>
                            <a href="https://www.spesati.com/special" class="estDynamic">Special</a>
                        </li>
                        <li>
                            <a href="https://www.spesati.com/sardinian-products" class="estDynamic">Sardinian products</a>
                        </li>
                    </ul>
                </div>
            </div>
            <div class="bottom bgRed">
                <div class="left">
                    <h3>Delivery payment</h3>
                    <div>
                        <i class="fa fa-money fa-3x" aria-hidden="true"></i>
                        <p>Cash</p>
                    </div>
                    <div>
                        <i class="fa fa-credit-card fa-3x" aria-hidden="true"></i>
                        <p>Bancomat or card</p>
                    </div>
                </div>
                <div class="right">
                    <h3>Online payment</h3>
                    <div>
                        <i class="fa fa-credit-card fa-3x" aria-hidden="true"></i>
                        <p>Credit or debit card <span class="red">online</span></p>
                    </div>
                    <div>
                        <i class="fa fa-paypal fa-3x" aria-hidden="true"></i>
                        <p>PayPal</p>
                    </div>
                    <div>
                        <i class="fa fa-university fa-3x" aria-hidden="true"></i>
                        <p>Bank transfer</p>
                    </div>
                </div>
            </div>
        </div>
        <div class="right bgRed">
            <div>
                <i class="fa fa-truck fa-flip-horizontal"></i>
                <a class="button bgYellow white" href="https://www.spesati.com/delivery-prices">Delivery prices</a>
                
                    <h3>Home delivery:</h3>
                    <p><b>Monday to Saturday</b></p>
                    <p><b>9:00 to 20:00</b></p>
                    <p><b>Minimum order:</b> 29€</p>
                    <p><b>Delivery starting from:</b> 3,50€</p>
                            </div>
            <ul>
                <li>
                    <a href="https://www.spesati.com/delivery-prices">Delivery prices</a>
                </li>
                <li>
                    <a href="https://www.spesati.com/about">About</a>
                </li>
                <li>
                    <a href="https://www.spesati.com/faq">Faq</a>
                </li>
                <li>
                    <a href="https://www.spesati.com/customer-care">Support</a>
                </li>
                <li>
                    <a href="https://www.spesati.com/news">Blog</a>
                </li>
                <li>
                    <a href="https://www.spesati.com/terms-and-conditions">Conditions</a>
                </li>
                <li>
                    <a href="https://www.spesati.com/privacy-policy">Privacy policy</a>
                </li>
                <li>
                    <a href="https://www.spesati.com/legal-warranty">Legal guarantee</a>
                </li>
            </ul>
        </div>
    </footer>
    <div class="bgRed"></div>
</div>
<!--Start of Tawk.to Script-->
<script data-cfasync="false" src="https://www.spesati.com/cdn-cgi/scripts/5c5dd728/cloudflare-static/email-decode.min.js"></script><script type="text/javascript">
var Tawk_API=Tawk_API||{}, Tawk_LoadStart=new Date();
(function(){
var s1=document.createElement("script"),s0=document.getElementsByTagName("script")[0];
s1.async=true;
s1.src='https://embed.tawk.to/59e86945c28eca75e4626ed9/default';
s1.charset='UTF-8';
s1.setAttribute('crossorigin','*');
s0.parentNode.insertBefore(s1,s0);
})();
</script>
<!--End of Tawk.to Script-->

<!-- Here are parked a few translatable strings, useful for Javascript rendering -->
<div id="js-texts" hidden>
    <input type="hidden" name="save_cart_notice" value="Saving your cart it will be possible to reload it next time you come for shopping">
    <input type="hidden" name="save_cart_notice_title" value="Want to save your cart?">
    <input type="hidden" name="save_cart_ok" value="Save">
    <input type="hidden" name="save_cart_ko" value="Don't Save">
    <input type="hidden" name="reload_cart" value="The Reload Order function allows you to top up your last cart to make a New Order. Warning: do not use this function to add products to the last order. At this time it is not possible to modify an order placed previously.">
</div>

<!-- new site and login popup -->
</body>
<!-- Mirrored from www.spesati.com/household-and-outdoors/repellents by HTTrack Website Copier/3.x [XR&CO'2014], Fri, 23 Feb 2024 18:50:16 GMT -->
</html>